1975 3575
155 271 361 343 simron.
387 273 461 344 Lib.
485 271 598 347 XVII.
649 297 721 377 309

68 385 200 453 Minimum
213 390 244 452 id
265 390 322 453 esse
339 391 458 453 debebit
477 392 657 455 intervallum
687 409 721 471 ut

68 471 166 551 attingat
176 469 292 554 jugum,
310 471 487 555 speretque,
515 495 573 534 non
601 487 722 559 teneatt

69 549 196 612 alcinon
212 554 363 613 recumbat
380 556 409 614 in
428 573 485 626 eo,
498 574 553 614 nec
564 554 680 615 delicate
690 551 719 616 se

71 626 166 711 spargat.
174 631 216 691 lta
224 649 401 714 temperetur
410 635 456 695 hic
466 634 590 704 modus,
605 650 636 694 ut
648 633 723 698 cressi

71 728 121 769 rere
136 714 284 772 etiamnum
306 714 410 788 malit,
428 712 516 795 quim
533 734 643 795 parere.
715 792 719 799 ὁ

82 788 194 852 ῬειΙιπες
216 794 286 855 duas
313 793 410 856 tresve
434 815 563 876 gemmas
582 793 633 854 sub
652 791 728 876 jugq

72 865 157 949 lubere
169 872 268 948 debet,
282 895 320 935 ex
335 876 439 956 quibus
450 877 569 935 materia
578 873 726 935 nascatutt'

71 964 124 1008 tunc
140 973 186 1032 per
202 951 302 1035 jugum
320 955 621 1037 mergi,alligarique,
636 969 667 1014 ut
680 952 726 1013 su·

71 1024 181 1091 siineatur
192 1033 279 1116 jugo,
297 1057 361 1097 non
374 1035 508 1115 pendeat.
519 1034 644 1094 Vinculo
655 1052 726 1095 mox

72 1107 225 1176 adstfiausa
245 1116 330 1176 tertii
354 1117 470 1198 gemmi
496 1115 628 1197 alligari:
649 1114 731 1197 quor*

73 1189 177 1254 uiam&
201 1196 241 1256 sic
264 1215 421 1258 coercetur
439 1198 565 1276 impetus
581 1197 726 1269 materiae,

72 1266 198 1332 densiores
229 1296 247 1336 e
265 1276 342 1338 citra
362 1278 489 1356 pampini
510 1273 666 1338 exsultant:
680 1297 728 1337 ca·

72 1367 152 1436 fumeo
167 1375 180 1412 r
206 1358 275 1439 igari
287 1374 402 1422 vetant.
418 1355 530 1416 Natura
538 1356 598 1415 haec
610 1354 664 1416 est:
675 1353 730 1417 de.-

72 1428 127 1506 teila
134 1453 205 1512 pars,
215 1454 263 1497 aut
279 1436 431 1521 praeligata
439 1479 449 1510 ,
457 1435 580 1496 frustum
591 1436 656 1510 dar,
666 1435 731 1516 plur

73 1507 205 1596 irimque
223 1517 282 1599 ipsa
307 1534 468 1578 curvatura.
482 1515 576 1596 Quod
586 1515 656 1577 citri
668 1514 727 1590 est,

75 1596 197 1656 materiem
211 1601 325 1671 mittit,
345 1596 523 1669 offensante,
547 1595 727 1676 credo,spi-

73 1668 239 1759 fiumina,
251 1699 343 1763 quam
350 1678 488 1747 diximus,
501 1677 638 1738 medulli.
648 1675 728 1756 Quae

74 1764 105 1809 rra
118 1757 255 1824 emicuerit
269 1761 406 1833 materia,
416 1756 538 1822 frutrum
558 1758 637 1821 dabit
649 1762 732 1846 anno'

130 1854 197 1900 ente.
623 1891 627 1896 .
715 1878 720 1900 r

86 1849 143 1976 “pic
157 1919 213 1982 duo
231 1943 339 2005 genera
356 1921 525 2003 palmitum:
544 1918 623 2001 quod
640 1938 657 1979 e
674 1916 729 2004 dmi

75 2009 103 2050 10
118 2000 183 2073 exit,
198 2006 404 2084 materiamque
414 2004 443 2060 in
453 2002 616 2080 proximum
623 2018 731 2060 annum

74 2080 212 2156 promittit,
235 2084 447 2164 pampinarium
464 2094 585 2141 vocatur
602 2101 610 2139 ι
630 2096 659 2137 at
679 2077 730 2137 ubi

77 2147 142 2232 supra
160 2164 322 2222 cicatricem
342 2160 405 2233 est,
422 2158 616 2219 frustuarium.
646 2156 732 2220 Alte.-

77 2248 127 2293 rom
142 2260 175 2300 ex
191 2242 325 2302 anniculo
346 2240 481 2321 palmite,
497 2236 665 2316 semperque
675 2234 733 2302 fru-

78 2308 201 2383 lunium.
220 2322 308 2383 Relin
330 2322 403 2380 uitur
414 2316 465 2376 sub
478 2314 547 2397 jugo
567 2318 599 2377 &
616 2316 665 2395 qui
679 2335 733 2375 vo-

76 2409 140 2458 catur
167 2401 272 2465 custos.
303 2343 359 2461 llic
388 2397 429 2459 est
448 2395 581 2457 novellus
603 2394 735 2474 palmes,

77 2489 125 2535 uon
135 2477 246 2564 longior
261 2483 350 2544 tribus
369 2479 513 2563 gemmis,
533 2478 666 2566 proximo
678 2487 735 2536 ‚am

76 2569 108 2612 ¹¹⁰
120 2566 260 2624 materiam
279 2565 412 2634 daturus,
438 2561 462 2618 si
484 2560 551 2618 vitis
574 2552 685 2616 luxurii
697 2547 735 2622 ‘se

76 2637 271 2721 consumpserit.
290 2644 328 2705 Et
345 2643 417 2704 alius
434 2637 520 2719 juxta
537 2658 622 2711 eum,
634 2653 736 2695 verru-

74 2726 329 2804 turnagnitudine,
349 2724 398 2806 qui
417 2718 584 2784 furunculus
607 2712 737 2798 appella«,-

75 2801 162 2871 -ll‘rsi
179 2801 254 2867 forte
275 2804 369 2869 custos
388 2800 481 2866 sellan
567 2863 572 2870 ,
661 2813 663 2816 ’
