1975 3575
181 178 284 302 Hcs
301 247 414 300 ron.
436 230 618 303 L'ib'.XV1.
671 255 742 329 237

77 351 175 434 cytiso,
189 371 254 433 quae
264 349 548 431 proximd‘accedere
560 351 684 412 ebenum
697 354 741 413 vi·

79 434 157 494 detur.
176 430 372 510 Quamquam·
386 450 446 489 non
467 429 584 505 desunt,
603 435 652 515 qui
681 431 700 492 S
726 466 740 481 ·

80 511 348 574 nacas2terebintlros
361 512 502 592 nigriores
512 509 670 574 adfirment.
680 454 741 574 (ld-

81 595 188 653 lcbratur
206 594 239 654 δι
254 589 406 651 Thericles
423 595 561 665 nomine,
577 592 678 653 calices
705 614 742 654 ex

82 672 227 735 terebintho
249 669 347 731 solitus
363 669 461 732 facere
477 687 581 748 torno,
596 684 744 754 perquem

81 754 373 835 probaturmateries.
394 750 540 812 Omnium
547 755 608 812 haec
623 752 684 814 sola
694 774 746 812 un·

81 832 371 917 girumrneliorque
389 833 457 892 oleo
474 831 517 892 tir.
554 831 647 893 Colos
673 832 747 894 miri

82 916 242 976 adulteratur
258 912 393 995 iuglande
412 934 447 972 ac
464 916 529 994 piro
546 913 668 988 silvestri
689 916 748 975 rin·

84 995 141 1071 dis,
154 1012 238 1076 atque
256 997 287 1054 in
309 994 501 1054 medicamine
513 993 649 1055 decoctis.
667 992 746 1054 Om-

86 1077 173 1148 nibus,
184 1094 247 1156 quae
255 1075 381 1136 diximus
391 1117 401 1147 ,
413 1072 494 1156 spilla
504 1071 631 1136 firmitas.
643 1074 691 1136 Ab
702 1076 747 1136 his

85 1159 199 1238 proxima
215 1152 257 1215 est
271 1175 395 1217 cornus:
418 1175 592 1236 quamquam
614 1176 674 1215 non
692 1166 752 1236 po'·

88 1236 133 1298 test
152 1236 243 1298 videri
268 1238 402 1296 materies
426 1252 549 1316 propter
574 1237 747 1311 exilitatem,

85 1316 129 1378 ded
146 1320 248 1400 lignum
271 1336 331 1376 nou
355 1315 412 1377 alio
426 1336 526 1396 paene,
542 1317 628 1396 quim
645 1316 682 1376 ad
700 1338 749 1376 ra·

87 1398 142 1458 dios
157 1416 296 1469 rotarum,
314 1397 404 1457 utile:
423 1414 471 1455 aut
490 1398 513 1455 si
535 1397 605 1477 quid
628 1416 750 1457 cunean-

86 1478 147 1539 dum
160 1482 193 1539 sir
212 1480 242 1537 in
262 1478 363 1560 ligno,
379 1475 506 1538 clavisve
519 1473 682 1559 figendum,
696 1498 751 1540 ceu

87 1557 182 1621 ferreis.
201 1558 264 1619 Ilex
283 1562 375 1633 item,
397 1559 430 1618 ὅ(
448 1556 592 1630 oleaster,
612 1561 644 1620 δι
662 1557 750 1632 olea,

87 1652 162 1722 atque
181 1639 326 1711 castanea,
346 1640 500 1718 carpinus,
520 1638 654 1719 populus.
675 1638 749 1699 Haec

89 1722 119 1781 dc
134 1720 216 1805 crispa
238 1723 341 1782 aceris⁴
354 1719 463 1792 modo,
489 1721 513 1777 si
538 1720 594 1778 ulla
615 1721 751 1780 materies

90 1802 181 1864 idonea
196 1800 264 1863 ellet
281 1804 366 1862 ramis
378 1800 452 1882 saepe
463 1800 629 1882 deputatis:
644 1799 750 1861 castra-

88 1884 125 1942 tio
140 1883 182 1943 illa
209 1879 251 1944 esst
261 1927 273 1955 ,
292 1884 444 1963 adimitque
462 1884 551 1942 vires.
581 1880 631 1943 De
651 1899 752 1943 cetero

93 1962 215 2047 plerisque
235 1984 338 2023 eorum
348 2007 357 2037 ‚
367 1962 423 2021 ¹sed
439 1963 539 2042 utique
554 1963 653 2023 robori
664 2007 675 2034 ,
688 1975 753 2022 tan*-

93 2059 118 2101 ta
132 2045 226 2106 duritia
243 2043 305 2114 est,
324 2060 356 2102 ut
385 2042 522 2102 terebrari
548 2042 601 2100 nisi
625 2042 754 2114 madefa-

94 2122 158 2184 dum
171 2146 228 2187 non
256 2139 361 2207 queat,
378 2124 410 2182 &
427 2142 464 2180 ne
486 2120 528 2180 sic
549 2122 665 2201 quidem
685 2121 754 2181 ada-'-

90 2201 144 2264 dus
163 2206 246 2268 avelli
267 2204 376 2264 clavus.
399 2200 424 2259 E
440 2197 554 2260 diverso
564 2200 677 2260 clavum
694 2219 755 2261 non

91 2299 162 2346 renet
178 2287 291 2348 cedrus.
309 2281 483 2343 Mollissima
502 2280 577 2339 tilia:
595 2279 697 2339 eadem
709 2282 769 2342 vi·

91 2363 220 2429 detur&
233 2365 408 2427 calidissima
422 2381 430 2420 ι
450 2375 649 2441 argumentum
676 2358 758 2419 adfe-

92 2463 169 2519 runt,
190 2447 271 2530 quod
292 2442 436 2505 citissime
448 2440 534 2501 ascias
552 2439 692 2500 retundat.
703 2437 759 2500 Ca·

95 2522 150 2587 lide
169 2529 201 2590 δι
217 2547 337 2598 morus,
358 2525 474 2595 laums‚
492 2521 598 2594 edera,
611 2520 759 2583 &umnec

95 2622 111 2662 e
159 2609 244 2668 ibusi
285 2609 352 2666 iaria
371 2603 453 2664 fiunt.
670 2635 675 2648 ·

93 2710 101 2719 ·
123 2628 177 2746 llx
205 2628 283 2746 Vlll
295 2682 589 2766 Exploratorumhoc
602 2679 666 2742 usus
675 2684 704 2741 in
714 2697 759 2741 ca‘·

95 2760 166 2842 dtis,
183 2764 384 2850 pastorumque
411 2766 538 2846 reperit,
560 2764 695 2845 quoniam
712 2761 759 2824 «εἰ
