1975 3575
36 341 39 346 p
217 253 427 325 Htsron.
452 252 525 328 Lib.
551 252 646 330 Xlll.
703 254 754 329 st

77 392 161 457 pomo
172 373 290 456 siliquae.
301 373 354 436 Ob
365 372 395 434 id
409 375 524 456 quidam
533 376 702 519 AEglpptiam
712 365 767 438 fi.'

78 477 135 517 cum
156 455 274 529 dixere,
292 476 388 516 errore
407 455 568 518 manifesto.
615 481 653 520 on
670 460 749 520 enim

77 537 103 595 in
121 536 253 619 AEgypto
273 535 412 613 nascitur,
424 536 474 597 sed
492 539 523 597 in
540 533 642 618 Syria,
653 537 749 600 lonii·

94 636 145 691 ue,
161 620 193 678 &
212 620 288 677 circa
304 615 455 689 Gnidum,
472 636 559 699 arque
577 621 606 678 in
618 618 748 681 Rhodo:

76 638 181 779 lumper
196 698 379 758 comantibus
396 696 491 774 foliis,
518 698 593 759 flore
610 700 752 771 candido,

76 799 135 838 cum
154 778 344 839 vehementii
365 778 463 839 odoris
482 779 669 860 :plantigera
688 781 752 840 imis

76 859 223 997 partibus,
248 859 370 920 &ideo
401 858 550 939 superficie
573 858 754 933 flavescens,

87 960 182 1000 uccum
207 939 361 1001 auferente
388 938 499 1001 sobole.
520 939 614 1001 Pomo
637 958 761 1001 antece·-

76 1018 165 1080 deuris‘
179 1023 248 1081 anni
261 1024 340 1080 circa
355 1018 443 1081 Canis
454 1038 536 1082 ottus
548 1019 693 1094 dertallo,
706 1019 757 1081 sta·

77 1101 124 1160 tim
141 1102 264 1163 alterum
281 1104 373 1183 parit:
387 1100 487 1182 postea
498 1102 602 1163 florem
622 1122 676 1185 per
693 1100 755 1163 Ar·

77 1178 195 1243 uarum:
214 1183 315 1243 hieme
326 1182 400 1243 fetus
418 1185 589 1245 enutriente.

65 1272 69 1278 ’
112 1261 245 1345 XV11.9.
263 1263 300 1323 ΔΕ
321 1281 409 1345 yptus
422 1263 608 1325 &Persicam
617 1264 753 1325 arborem

76 1339 113 1402 sui
130 1349 245 1427 generis
266 1283 372 1416 halet,
391 1343 515 1404 similem
528 1346 610 1425 piru,
627 1342 697 1404 folia
708 1365 761 1404 re·-

77 1424 215 1486 tineutem.
240 1424 383 1486 Fertilitas
399 1424 513 1485 assidua
526 1426 576 1496 ei,
591 1422 757 1485 subnascen-

78 1519 104 1563 te
119 1504 241 1566 crastino
252 1504 344 1565 fruelu
359 1524 367 1563 t
384 1507 530 1566 maturitas
543 1506 696 1566 etesiarum
705 1504 757 1564 ad·

79 1583 756 1669 flatu.Pomumlongiuspiro,inclusumamyg-

80 1665 142 1726 dala
179 1669 330 1739 martine,
350 1669 382 1731 &
404 1669 506 1740 corio,
529 1667 629 1728 colore
657 1666 756 1727 hethi·
868 1681 875 1690 ⁸

80 1744 133 1809 do:
151 1689 197 1811 ild
218 1745 269 1809 uhi
288 1769 346 1808 nux
366 1748 422 1825 illi,
442 1749 508 1813 huic
532 1768 676 1830 prunum,
697 1746 756 1808 dif-

82 1824 165 1890 ferens
184 1832 328 1893 brevitate
349 1851 381 1890 ac
400 1831 547 1892 mollitie:
569 1832 601 1893 &
620 1831 754 1911 quamvis

81 1906 233 1973 blandiatur
253 1910 403 1991 praedulcis
419 1909 563 1984 suavitas,
586 1913 754 1971 innocuum.

82 1986 210 2054 Materies
241 1991 390 2065 bonitate,
418 1989 619 2062 firmitudine,
639 1993 668 2050 ni
690 1991 756 2050 sitit

82 2088 190 2154 quoque
211 2071 283 2132 nihil
305 2071 444 2135 differens
461 2074 568 2134 aloto.
598 2011 755 2132 simulcra

83 2168 117 2209 ex
144 2152 174 2213 ei
196 2150 374 2215 faelitavere.
406 2152 477 2215 Non
507 2153 610 2213 eadem
643 2154 756 2234 gratia,

84 2251 248 2316 quamquam
260 2232 342 2295 fideli
352 2236 490 2305 materie,
506 2253 542 2293 ex
555 2231 658 2292 arbore
668 2250 755 2312 quam

83 2310 207 2375 balanum
227 2316 457 2397 appellavimus,
479 2313 584 2392 magni
612 2331 648 2370 ex
676 2328 757 2391 parte

84 2396 228 2456 contorti:
245 2397 354 2457 navalis
373 2397 473 2474 itaque
492 2394 603 2451 tantiam
624 2387 677 2450 est.

120 2472 228 2537 XVlll.
250 2475 292 2535 At
309 2498 326 2537 e
345 2473 461 2536 diverso
473 2474 537 2533 cuii
548 2474 576 2531 in
588 2490 696 2553 magno
705 2470 759 2533 ho·

84 2571 168 2630 nore,
183 2557 286 2637 palmae
304 2556 402 2617 similis
437 2554 533 2615 uando
551 2554 583 2616 &
601 2548 662 2630 ejus
681 2550 760 2612 foliis

85 2651 192 2697 utuntur
212 2637 250 2697 ad
271 2638 391 2697 textilia.
414 2578 523 2696 liffert
547 2633 627 2715 qubd
646 2635 674 2692 in
692 2631 759 2692 bra-

85 2713 143 2774 chia
161 2736 306 2778 ramorum
327 2717 474 2799 spargitur.
494 2714 587 2776 Pomo
615 2715 765 2796 magniru·.

87 2791 142 2870 ¹do,
157 2816 220 2880 quae
233 2816 355 2863 'manum
374 2797 514 2885 impleat,
538 2796 620 2889 culos
641 2793 756 2896 fulvus,
