1975 3575
212 244 263 335 ‘64
312 244 800 319 criminavit.

162 455 167 458 ι
213 384 330 507 pampro,
342 382 392 462 aut
408 368 490 427 ceris.
509 366 694 510 {ngll'a‘l'm
712 369 794 428 enim
816 366 895 463 usum

212 464 403 609 nididsealpadd
423 464 896 612 lindinerdirilnllldetliidrgrdldzi:

212 623 258 681 te,
270 629 308 669 ne
318 625 394 670 terra
404 611 523 691 quidem
534 609 609 691 ipsa,
620 631 683 691 quae
694 631 773 670 nunc
785 610 896 692 AEgyp·

212 704 277 762 tus,
288 691 459 773 intelligitur
470 712 478 751 ε
498 689 585 771 (cium
596 692 625 749 in
634 688 835 773 Sebennytico
847 690 896 750 sal·

212 784 276 830 tem
294 769 357 852 ejus
375 792 466 852 nomo
485 772 600 831 nonnisi
617 771 711 832 charta
726 768 895 851 nascaturr)

213 849 314 932 postea
331 852 501 933 adaggerata
520 851 601 912 Nilo.
621 849 775 935 Siquidem
796 873 813 912 a
831 850 895 912 Pha·

214 952 249 992 ro
271 931 377 1007 intuli,
494 954 570 993 nunc
593 931 781 994 Alexandriae
809 949 894 1015 ponte

213 1009 896 1155 lmil‘rllzllnied“lifal‘ffiril’xm‘igilili

215 1114 253 1232 nne
268 1175 344 1232 circa
361 1116 553 1234 bibliothgcras
571 1138 673 1256 regum
691 1118 845 1237 Ptolemaei
863 1174 894 1235 dt

215 1250 373 1327 Eumenis,
385 1253 581 1338 supprimente
592 1257 704 1317 chartas
716 1256 892 1327 Ptolemaeo,

105 1365 112 1380 ·
216 1335 297 1395 idem
314 1334 410 1395 Varro
442 1336 623 1396 membranas
646 1336 780 1419 Pergami
811 1335 894 1397 tradi·

216 1415 261 1476 dit
279 1433 417 1497 repertas.
438 1414 539 1477 Postea
555 1417 714 1495 promiscue
727 1420 824 1498 patuit
837 1413 894 1476 usus

216 1497 279 1568 rei,
319 1496 355 1555 ui
377 1493 485 1556 constat
511 1498 710 1558 immortalitas
737 1499 893 1560 hominum.

256 1574 286 1635 X
318 1574 354 1636 ll.
368 1574 516 1655 Papyrum
537 1596 607 1659 ergo
629 1577 751 1640 nascitur
772 1583 803 1640 in
820 1578 895 1660 palu·

214 1653 318 1717 litibus
325 1654 462 1738 AEgypti,
473 1656 735 1739 autquiescentibus
742 1660 804 1722 Nili
811 1659 894 1741 aquis,

215 1736 266 1796 ubi
287 1753 413 1820 evagatae
425 1735 574 1820 stagnant,
593 1738 652 1801 duo
671 1741 769 1804 cubita
779 1762 838 1803 non
846 1758 894 1799 ex·

215 1816 340 1878 cedente
361 1818 512 1879 altitudine
523 1824 688 1961 guppitum
705 1823 841 1885 brachiali
854 1839 894 1878 ra·

584 1924 592 1960 Ι

217 1897 289 1958 dicis
305 1898 430 1981 obliquae
442 1919 560 1961 crassrru
594 1922 648 1976 ne,
664 1906 810 1987 triangulis
829 1904 893 1963 late·

216 1979 312 2047 ribus,
330 1979 433 2039 decem
448 2001 509 2040 non
529 1983 650 2062 amplius
668 1985 830 2047 cubitorum
840 1983 895 2042 lon·

215 2060 344 2142 gitudine
362 2062 393 2119 in
411 2062 598 2142 gracilitatem
618 2062 801 2147 fastigatum,
820 2065 894 2143 thyr-

218 2142 243 2200 si
263 2139 354 2203 modo
374 2162 512 2202 cacumen
534 2144 683 2205 includens
706 2144 815 2207 semine
833 2142 894 2204 nul·

216 2220 266 2296 lo,
283 2238 331 2282 aut
346 2221 398 2282 usu
415 2222 477 2365 epps
492 2223 566 2296 alio,
585 2225 671 2309 quim
684 2227 765 2288 floris
780 2227 817 2288 ad
827 2225 901 2285 deosv

215 2303 410 2366 coronandos.
460 2306 587 2367 adicibus
616 2309 719 2368 incolae
742 2330 797 2389 pro
820 2307 893 2387 ligno

217 2400 334 2444 utuntur
346 2408 354 2446 ι
367 2405 421 2445 nec
440 2388 512 2468 ignis
530 2389 640 2447 tantum
659 2390 768 2471 gratia,
797 2386 845 2449 sed
860 2380 892 2443 ad

216 2462 271 2522 alia
289 2485 406 2548 quoque
419 2466 548 2526 utensilia
559 2466 704 2530 vasorum.
713 2470 756 2531 Ex
765 2468 826 2551 ipso
838 2464 894 2548 qui·

216 2543 286 2605 dem
306 2565 420 2625 papyro
431 2548 544 2628 navigia
555 2564 655 2609 texunt
667 2573 674 2612 ε
688 2552 721 2612 8(
733 2570 749 2611 e
762 2551 834 2610 libro
846 2564 893 2604 ve·

216 2623 265 2696 la,
287 2623 472 2708 regensque,
489 2647 614 2690 necnon
627 2631 659 2691 δι
668 2630 798 2704 vestem,
810 2628 892 2689 etiam

216 2700 387 2785 stragulam,
404 2727 436 2765 ac
447 2705 540 2769 funes.
552 2708 821 2794 Manduntquoque
832 2725 892 2767 cru·
919 2760 920 2765 ,

218 2781 307 2864 dum,
326 2785 553 2872 decoctumque,
572 2788 688 2856 succum
706 2794 822 2879 *tantum
841 2787 891 2849 ‘le‘
