1975 3575
234 295 450 367 Hrsrort.
472 296 545 368 Lib.
568 296 666 370 XIV.
724 299 774 396 87

78 416 172 477 bona
186 412 245 487 sua,
261 415 362 476 colere
371 414 466 476 malle.
482 415 559 498 Ergo
569 418 699 480 hercules
711 442 769 481 vo·

77 498 187 577 luptas
200 498 299 556 vivere
317 499 429 577 coepit‚
447 500 509 558 vita
524 496 582 578 ipsa
598 499 693 561 desiit.
705 498 768 563 Seu

78 598 142 637 nos
170 578 313 637 obliterata
334 598 452 659 quoque
476 576 684 643 scrutabimur:
711 602 769 644 nec

77 657 244 718 deterrebit
271 659 461 739 quarumdam
489 679 587 719 rerum
606 661 771 737 humilitas,

80 742 166 799 sicut
181 759 230 798 nec
244 739 275 797 in
294 739 460 799 animalibus
479 737 560 801 fecit.
581 739 770 824 Quamquam

78 820 222 882 videmus
240 818 392 901 Virgilium
409 821 707 901 praecellentissimum
718 845 772 884 va·

81 914 171 973 tem,
189 900 223 961 ei
242 900 280 960 de
301 900 386 960 causti
401 901 688 963 hortorumclotessu
708 905 714 918 '
738 924 774 967 e:

81 982 118 1043 &
138 1001 157 1041 e
176 981 279 1055 tantis,
345 1004 369 1040 ae
384 982 602 1054 retulit,flures
619 984 692 1044 mod
722 1004 771 1046 re·

80 1078 154 1121 rum
169 1062 302 1143 decerpsi
327 1084 363 1135 e,
379 1061 495 1122 beaturn
520 1063 693 1145 felicemque
706 1084 774 1147 gra·

83 1146 155 1213 tiae,
172 1160 229 1204 xv.
250 1146 370 1203 omnino
389 1143 544 1225 generibus
566 1165 688 1206 uvarum
717 1167 771 1207 no·

83 1226 221 1296 minatis,
240 1223 331 1284 tribus
351 1223 444 1297 oleae,
465 1225 591 1287 totidem
616 1228 745 1308 pirorum
757 1270 773 1302 ,

85 1305 165 1366 malo
186 1305 263 1365 verb
281 1307 394 1364 tanturn
412 1302 547 1386 Assyrio,
560 1310 663 1368 ceteris
677 1308 770 1368 omni»

85 1385 140 1445 bus
160 1407 197 1446 ne
218 1384 310 1446 lestis.

126 1464 169 1527 ΙΙ.Ι
207 1466 265 1526 nde
277 1482 373 1526 autem
384 1467 481 1548 potius
490 1467 671 1550 incipiemus,
681 1465 771 1551 qulm

86 1566 103 1606 a
120 1547 252 1608 vitibus?
271 1568 392 1628 quarum
412 1549 586 1629 principatus
607 1551 636 1609 iu
658 1566 773 1610 tanturn

86 1629 240 1708 peculiaris
259 1625 349 1687 ltaliae
369 1625 430 1702 est,
449 1629 543 1689 utvel
559 1630 615 1690 hoc
631 1650 691 1691 uno
705 1650 772 1690 om-

87 1709 134 1768 nia
152 1711 282 1792 gentium
294 1706 412 1778 vicisse,
431 1710 518 1792 quiun
529 1708 772 1794 odorifera‚p0s·

89 1791 429 1872 sitvideribona:quam
452 1813 519 1852 narn
530 1793 704 1875 ubicumque
717 1814 773 1874 pu·

91 1868 272 1933 bescentiurn
289 1871 374 1931 odori
389 1813 466 1932 nulla
479 1871 599 1936 suavitas
612 1873 774 1955 praefertur.

128 1972 154 2013 ι.
178 1951 264 2012 Vites
280 1949 342 2031 jure
354 1953 431 2034 apud
449 1954 556 2036 priscos
573 1955 773 2037 magnitudine

87 2051 206 2117 qunque
235 2036 310 2093 inter
335 2034 453 2095 arbores
473 2036 704 2097 numerabantur.
722 2035 775 2097 Jo-

87 2114 133 2173 vis
170 2114 354 2175 simulacrum
381 2117 411 2174 in
439 2117 510 2176 urbe
538 2115 703 2199 Populonio
734 2136 776 2177 ex

88 2193 143 2253 uni
173 2193 384 2276 conspicimus,
400 2211 445 2255 tot
461 2198 531 2256 aevis
551 2199 775 2278 incorruptum:

90 2274 159 2335 item
177 2275 314 2336 Massiliae
341 2292 478 2357 pateram.
518 2276 681 2356 Metaponti
699 2294 775 2336 tem·

108 2354 166 2416 lum
197 2356 319 2418 lunonis
350 2356 495 2438 vitigineis
517 2356 657 2415 columnis
685 2354 776 2418 stetit.

89 2373 182 2497 briam
203 2459 281 2498 nunc
302 2436 382 2498 scalis
402 2435 511 2497 tesiam
524 2434 657 2517 Ephesia
670 2434 776 2498 Diana

90 2512 229 2577 scanditur
256 2517 314 2577 uni
334 2521 396 2579 vite
421 2516 564 2600 cypria,
589 2532 621 2577 ut
648 2513 743 2576 serunt
762 2563 778 2594 ,

91 2600 226 2675 quoniam
259 2599 299 2659 ibi
329 2599 366 2659 ad
398 2602 574 2681 praecipuam
606 2596 774 2679 amplitudi-

92 2696 155 2736 nem
175 2697 295 2739 exeunt.
318 2678 382 2740 Nec
404 2679 446 2741 est
464 2681 545 2763 ligno
566 2680 618 2739 ulli
638 2680 775 2742 aeternior

91 2773 203 2904 mem}
219 2759 332 2823 verum
354 2759 408 2823 ista
433 2782 470 2824 ex
497 2758 673 2826 silvestribus
701 2758 776 2828 fana

93 2851 122 2905 tr
157 2841 163 2853 ⁸
205 2842 272 2906 rim.
477 2893 479 2896 .
