1975 3575
148 329 366 400 Hrsron.
391 328 465 399 Lib.
478 326 607 402 XVIII.
628 308 633 317 ’
666 350 733 426 341

61 468 110 529 que
128 446 322 519 constantius,
340 447 400 528 qub
414 467 512 528 operae
530 448 613 508 nobis
624 440 737 527 majori

63 528 138 609 quim
151 527 257 600 famae,
273 530 366 608 gratia
382 531 537 607 expetitur.
548 527 609 607 Qui
631 550 666 610 pe
677 529 734 590 ser·

62 628 104 668 mo
122 612 194 669 circa
211 629 280 668 rura
301 606 362 681 est,
379 607 560 690 agrestesque
581 629 665 679 uus,
684 608 733 672 sed

63 689 160 767 quibus¹
173 689 234 750 vita
255 686 410 771 honosque
431 687 509 769 apud
520 686 630 770 priscos
643 690 737 759 maxi-2

62 787 115 827 nus
133 769 227 830 suerit.
311 808 316 813 -

72 882 74 887 κ
93 847 127 908 11.
143 869 170 910 a.
187 849 346 911 Arvorum
362 845 525 909 sacerdotes
543 846 687 909 Romulus
705 847 741 910 itt

61 929 146 1007 primis
153 928 283 1002 instituit,
294 927 318 989 s
310 949 387 1067 eqlue
401 929 606 989 duodecimum
616 927 738 990 fratrem

64 1008 202 1087 appellavit
221 1014 299 1071 inter
326 1011 336 1068 i
358 1028 408 1082 os,
432 1009 468 1069 ab
485 1007 567 1069 Acci
583 1007 737 1070 Laurentii

65 1091 158 1150 nutrice
180 1089 228 1152 sui
248 1091 385 1174 genitos,
401 1087 497 1170 spicea
518 1089 648 1160 coroni,
669 1109 737 1171 quae

65 1169 124 1228 vitri
146 1169 209 1230 alba
235 1172 447 1252 colligaretur,
461 1171 492 1229 in
512 1167 674 1231 sacerdotio
693 1171 737 1231 eis

66 1267 110 1326 pto
127 1251 175 1310 reli
195 1253 347 1312 iosissimo
366 1251 469 1331 insigni
490 1249 576 1326 datu,
589 1270 654 1330 quae
695 1252 737 1309 ri-

67 1346 105 1386 na
120 1272 195 1411 apui
208 1331 366 1393 Romanos
377 1329 432 1390 suit
441 1349 549 1392 cotona
564 1351 571 1389 ε
585 1271 741 1411 honosque

67 1407 152 1469 isnon
172 1413 225 1473 nisi
246 1415 312 1476 vita
333 1409 448 1483 finitur,
466 1411 499 1472 δι
518 1407 628 1471 exsules
649 1413 735 1470 etiam

69 1489 202 1572 captosque
218 1496 385 1555 comitatur.
400 1489 472 1551 Bina
485 1508 555 1552 tunc
571 1488 669 1573 jugera
681 1512 737 1572 po·

69 1568 126 1645 pulo
139 1571 273 1635 Romano
291 1573 359 1635 satis
379 1588 478 1645 erant,
498 1571 628 1653 nullique
641 1570 740 1651 majo*

72 1664 121 1708 tem
139 1654 258 1715 modum
277 1652 433 1714 adtribuit:
449 1673 509 1734 quo
530 1649 630 1713 servos
645 1653 752 1732 paulo.

72 1729 122 1798 autb
138 1735 274 1816 ¹principis
293 1734 444 1809 Neronis,
461 1735 634 1815 contemptis
648 1730 735 1815 hujus

73 1805 137 1893 spatii
151 1817 313 1893 viridariis,
330 1815 449 1896 piscinas
458 1813 537 1895 juvat
549 1816 654 1876 habere
673 1835 736 1876 ma·

73 1906 151 1962 Jorer:
183 1891 360 1977 ratumque,
377 1900 472 1955 sinon
492 1897 619 1977 aliquem
634 1898 666 1958 δι
682 1917 736 1957 cu·

73 1965 139 2032 linas.
186 1997 255 2035 uma
272 1973 391 2034 instituit
406 1974 486 2036 deos
506 1974 587 2056 sange
614 1975 736 2049 colere,

75 2047 189 2114 &mola
207 2053 281 2114 salsa
296 2052 469 2135 supplicare,
481 2071 567 2135 atque
576 2052 627 2136 (ut
637 2054 738 2115 auilor

74 2125 106 2187 est
122 2131 271 2213 Hemina)
284 2131 326 2191 far
337 2150 466 2208 torrere,
479 2136 615 2215 quoniam
628 2133 737 2195 tostum

75 2206 127 2269 cibo
144 2212 283 2273 salubrius
310 2210 391 2274 esset.
408 2211 443 2273 Id
463 2233 522 2273 uno
541 2213 634 2274 modo
662 2234 739 2272 con·

76 2281 206 2367 secutum,
228 2292 382 2354 statuendo
408 2311 468 2351 non
497 2291 552 2353 elle
580 2313 682 2372 purum
700 2292 737 2356 ad

75 2384 124 2427 rem
138 2373 289 2447 divinam,
311 2375 365 2435 nisi
382 2370 498 2433 tostum.
517 2371 545 2432 Is
558 2373 591 2433 &
601 2370 739 2435 Fornaca-

68 2442 105 2535 lia
120 2450 235 2515 instituit
254 2453 336 2515 sartis
345 2454 482 2515 torrendi
497 2451 599 2525 serias,
610 2452 643 2514 bt
655 2453 738 2534 aque

76 2527 203 2610 religiosas
216 2538 344 2596 terminis
353 2555 496 2619 agrorum.
508 2534 572 2594 Hos
580 2533 661 2593 enim
665 2533 740 2593 deos

78 2616 134 2667 unc
151 2617 273 2676 maximb
284 2632 443 2678 noverant:
457 2614 611 2696 Sejamque
622 2612 740 2674 aseren-

78 2681 123 2758 (Ῑο,
133 2688 274 2774 Segestam
284 2718 300 2756 a
310 2697 450 2780 segetibus
460 2695 657 2778 appellabant:
670 2713 741 2776 qua·

78 2780 132 2824 mn
147 2774 293 2836 simulacra
305 2779 335 2839 in
346 2776 436 2838 Circo
448 2778 593 2838 videmus.
605 2774 737 2836 Tertiam

80 2858 110 2901 ²¹
124 2846 163 2911 bis
178 2858 326 2921 nominare
349 2856 399 2919 sub
418 2857 494 2921 tello
513 2856 616 2998 reggio·
627 2854 678 2921 est.
690 2855 736 2920 Ae

195 2984 199 2990 .
586 2958 616 3018 uJ
