1975 3575
180 260 223 331 H
228 278 280 332 rs
296 276 407 330 ron.
430 258 643 331 Linxvffl.
695 278 766 353 347

93 379 150 462 jore
171 399 205 440 ex
229 395 310 460 parte
333 398 471 461 agemus,
495 399 560 460 quae
578 399 638 438 non
655 378 685 437 in
703 379 764 440 alio

94 465 155 519 vitae
174 480 278 542 genere
309 460 393 540 plura
418 461 577 519 certiorave
602 458 674 518 sunt.
701 457 764 520 Cur

95 542 162 599 enim
177 561 235 600 non
255 540 413 601 videantur
430 540 566 611 oracula,
578 560 594 596 a
604 542 764 602 certissimo

95 620 137 681 die
152 621 341 702 maximeque.
356 620 489 681 veridico
509 618 561 679 usu
575 616 721 700 profe82l

131 700 335 782 §.Principium
345 718 444 761 autem
455 721 471 760 a
483 697 598 761 Catone
611 696 765 763 sumemus.·

96 800 113 834 tt
123 779 277 841 Fortissimi
295 784 354 843 viri
368 784 400 843 &
416 781 522 841 milites
531 778 717 840 strenuissimi
729 800 765 840 ex

94 861 245 954 »agricolis
254 864 428 945 gignuntur,
444 859 621 940 minimeque
630 859 707 919 male
720 881 768 920 co·

93 958 243 1021 rogitantes.
265 942 414 1004 Praedium
431 961 470 1001 ne
488 941 594 1021 cupide
621 960 709 1001 emas.
733 938 768 1001 In

93 1045 109 1078 a
120 1042 148 1080 re
157 1021 255 1083 rustici
264 1044 372 1104 operae
379 1042 416 1082 ne
447 1022 580 1093 arcas,in
592 1041 661 1102 agro
671 1040 769 1082 emen·
786 1028 789 1033 ’

93 1101 153 1161 ndo
176 1106 302 1166 minime.
341 1043 446 1181 Quot?
455 1101 530 1162 male
549 1119 680 1182 emptum
702 1099 768 1174 est,

94 1180 222 1264 »semper
241 1185 384 1266 poenitet.
405 1182 519 1264 Agrum
541 1199 690 1262 paraturos
701 1197 770 1242 ante

96 1266 210 1323 romnia
229 1266 343 1326 intueri
363 1279 480 1344 oportet
492 1283 597 1343 aquam
606 1306 617 1334 ,
626 1264 723 1334 viam,
735 1262 769 1323 δι

95 1364 113 1400 t
122 1344 242 1404 vicinum
250 1371 279 1409 n.
297 1343 420 1426 Singula
431 1363 548 1423 magnas
559 1343 772 1423 interpretatio·

96 1440 140 1481 nes
155 1423 283 1501 hebent,
311 1445 367 1486 nec
389 1425 500 1484 dubias.
521 1422 597 1483 Cato
608 1424 638 1483 in
650 1439 769 1482 conter-

96 1504 170 1563 minis
181 1505 237 1567 hoc
253 1505 379 1589 amplius
393 1502 524 1564 aestimari
535 1501 633 1582 jubet,
647 1524 707 1586 quo
717 1525 771 1584 pa·

97 1580 136 1641 &0
143 1587 248 1648 niteant
262 1612 270 1649 ι
285 1609 305 1644 ιι
320 1586 354 1647 ln
364 1585 545 1657 bonienim,
554 1586 663 1665 inquit,
677 1586 771 1667 regio·

97 1684 157 1723 one
170 1667 245 1729 bene
271 1670 368 1729 nitent
380 1691 407 1727 n.
425 1664 534 1725 Atilius
554 1663 701 1747 Regulus,
721 1663 771 1725 ille

96 1739 195 1808 Punico
215 1749 297 1810 bello
315 1748 359 1808 bis
373 1744 491 1820 consul,
512 1746 624 1820 aiebat,
642 1763 772 1828 tneque
815 1758 818 1765 '

98 1824 334 1891 »fecundissimis
345 1830 418 1890 locis
428 1827 601 1888 insalubrem
612 1848 712 1910 agrum
723 1847 779 1909 pru.

98 1927 114 1960 n
126 1909 265 1984 randum,
282 1929 378 1991 neque
399 1907 493 1982 effetis
517 1906 732 1969 saluberrimum
741 1931 772 1968 rr.

98 1981 245 2049 Salubritas
263 1990 323 2049 loci
344 2009 405 2046 non
424 1986 537 2068 semper
551 1988 710 2049 incolarum
722 2008 773 2052 co·

99 2064 154 2127 lore
174 2068 340 2148 detegitur,
358 2070 496 2148 quoniam
508 2064 615 2127 adsueti
633 2070 721 2128 etiam
742 2069 773 2127 in

98 2146 295 2224 pestilentibus
318 2147 429 2206 durant.
450 2147 592 2206 Praeterea
610 2145 674 2208 sunt
695 2167 776 2227 quae·

100 2225 160 2286 dam
176 2228 310 2310 partibus
340 2228 406 2286 anni
433 2224 571 2287 salubria:
589 2227 659 2285 nihil
678 2242 777 2286 autem

100 2304 213 2370 salutare
226 2308 285 2382 est,
303 2309 358 2368 nisi
378 2305 458 2388 quod
479 2322 545 2366 toto
564 2325 640 2365 anno
654 2304 777 2366 salubre.

101 2384 192 2449 Malus
208 2389 251 2450 est
268 2410 356 2472 ager,
376 2408 443 2447 cum
464 2407 524 2467 quo
543 2386 677 2445 dominus
693 2384 782 2446 lulla·¹

101 2467 238 2531 runcato
249 2473 325 2531 inter
341 2471 434 2553 prima
449 2465 567 2551 spellari
577 2465 678 2548 jubet,
689 2484 721 2527 ut
730 2465 776 2529 so·

101 2543 158 2607 lum
177 2549 225 2610 sul
244 2554 353 2613 virtute
374 2550 489 2623 valeat,
516 2548 573 2631 qui
600 2545 709 2608 dilium
734 2545 777 2609 est
805 2589 807 2592 -
860 2629 862 2633 λ

103 2631 261 2704 positione:
274 2651 305 2693 ut
318 2654 337 2693 o
360 2627 712 2711 erariorumtopiaprope
726 2628 778 2700 sit,

102 2710 296 2794 oppidumque
303 2654 449 2774 valldumr
464 2728 497 2771 nt
513 2711 694 2793 navigiorum
705 2729 778 2771 eve·

104 2782 161 2849 llus
176 2792 227 2854 vel
244 2795 376 2871 itinerum
395 2809 453 2855 tut
468 2792 546 2854 bene
569 2787 723 2932 aepdififatus
742 2790 780 2857 &

519 2937 521 2940 ,
625 2892 657 2954 vr
