1975 3575
189 308 193 313 -
221 250 392 333 Htr'ro
408 280 444 331 n.
463 261 536 332 Lib.
559 244 659 330 Xv't.
711 284 777 356 203

101 380 781 544 iffitntffssssnit'ft’.ltt‘iiffissmssssz

104 546 207 630 risque.
223 541 379 605 Ramulosa
392 542 487 614 ulrno,
499 544 531 604 &
547 540 651 622 cytiso.
663 541 782 621 Quibus

106 627 200 708 adjicit
210 624 286 686 Cato
305 624 445 695 decidua,
455 622 585 704 populea
593 642 779 706 quernaque,

106 708 267 768 animalibus
285 703 388 785 jubens
407 704 468 764 dari
486 724 548 764 non
569 704 716 789 perarida:
730 706 782 766 bu·

106 790 155 850 bus
172 784 654 871 quidem&ficulnea‚ilignaque‚
674 786 784 847 &ede-

106 890 192 930 racea.
211 868 331 929 Dantur.
351 867 385 927 &
405 886 442 926 ex
462 866 620 938 arundine,
641 886 673 926 ac
692 865 786 929 lauro.

107 946 251 1010 Decidunt
267 946 355 1008 sorbo
375 944 509 1006 universa
526 991 536 1021 ‚
555 947 657 1007 ceteris
688 948 784 1029 paula·

108 1034 163 1090 tim.
185 1028 221 1090 Et
238 1029 277 1088 de
296 1026 374 1088 foliis
393 1025 539 1088 haetenus.

144 1109 287 1175 XXXIX.
300 1128 348 1189 25.
367 1106 455 1170 Ordo
474 1125 570 1168 autem
598 1124 706 1171 natura
728 1131 785 1170 an·

109 1212 175 1253 nnus
197 1194 237 1252 ita
261 1189 291 1250 se
311 1190 409 1251 habet.
429 1187 540 1251 Primus
552 1188 593 1250 est
605 1206 786 1274 conceptus,v

109 1274 172 1333 flare
194 1273 354 1353 incipiente
374 1286 465 1331 vento
491 1269 642 1344 Favonio,
672 1275 785 1334 circiter

110 1352 163 1415 fere
181 1351 294 1414 sexturn
311 1351 380 1412 Idus
398 1351 553 1412 Februarii.
571 1351 639 1412 Hoc
651 1355 787 1414 maritan-

110 1451 150 1494 tur
164 1433 346 1495 vivescentia
356 1452 373 1492 e
382 1432 459 1492 terri
473 1453 481 1491 z
502 1434 610 1517 quippe
621 1435 688 1494 cirtn
698 1436 787 1497 etiarn

111 1519 234 1597 cquaein
254 1513 408 1596 Hispania,
421 1530 453 1577 ut
464 1513 599 1573 diximus.
614 1512 672 1573 Hic
684 1514 726 1579 est
737 1536 788 1598 ge-

111 1597 196 1657 ritulis
214 1596 234 1656 s
250 1597 330 1655 initus
358 1595 476 1666 mundi,
495 1615 512 1654 a
527 1593 660 1655 fovendo
675 1596 766 1656 dicius
776 1641 788 1673 ,

113 1694 140 1737 ut
162 1620 284 1775 quirigat
312 1674 522 1737 existimavere.
543 1675 606 1736 Flat
624 1676 661 1737 ab
685 1676 789 1741 occasu

113 1770 135 1819 e
170 1757 316 1830 mociiali,
331 1777 384 1819 ver
403 1757 552 1818 inchoans.
579 1751 788 1822 Catulitionem

112 1781 200 1902 raiici
221 1856 357 1911 vocant,
382 1837 521 1922 gestiente
547 1840 650 1900 natura
681 1840 790 1904 semina

113 1923 256 2005 accipere,
279 1940 374 2001 eoque
397 1923 522 1980 animam
541 1920 790 1983 inferenteonrni·

113 2001 160 2063 bus
170 2002 248 2063 satis.
266 1999 442 2081 Concipiunt
453 2003 540 2061 variis
551 2001 669 2076 diebus,
686 2003 718 2064 &
733 2023 791 2085 pro

113 2082 158 2143 sui
175 2101 301 2166 quaeque
323 2081 431 2142 naturai.
448 2080 516 2146 Atia
532 2085 680 2163 protinus,
692 2100 724 2143 ut
734 2085 793 2142 ani·

115 2165 212 2227 rnalia:
234 2164 342 2224 tardius
359 2162 472 2243 aliqua,
492 2163 645 2222 &diutius
694 2164 793 2226 tavida
898 2183 900 2186 ’

116 2264 210 2324 partus
251 2259 352 2306 erunt:
367 2241 451 2324 'quod
487 2245 635 2301 erminatio
656 2183 724 2304 icieo
736 2235 793 2303 vo·

117 2344 201 2388 catur.
226 2265 342 2387 {arium
358 2322 432 2383 vero
454 2341 523 2380 cunr
542 2323 666 2393 florent,
682 2322 773 2404 flosqu

116 2406 161 2467 itle
172 2429 206 2467 ru
228 2410 266 2467 tis
279 2402 390 2466 constat
398 2402 534 2462 utriculis.
542 2401 680 2466 Educatio
696 2404 726 2462 in
737 2425 796 2492 poq

118 2429 235 2549 moeff:
255 2487 333 2561 hoc,
350 2486 383 2546 &
394 2485 583 2569 germinatio,
600 2482 742 2544 laborum.
786 2479 788 2486 '

154 2567 219 2629 XL.
243 2567 311 2629 Flos
333 2565 375 2627 est
394 2567 473 2647 pleni
492 2567 571 2627 veris
587 2565 744 2636 indicium,
763 2565 796 2627 &

119 2652 184 2709 anni
203 2647 390 2720 renascentis,
412 2646 467 2707 flos
492 2647 630 2731 gaudium
650 2646 796 2707 arborum.

119 2726 204 2789 Tunc
222 2728 251 2789 se
271 2749 362 2790 novas
373 2727 445 2787 alias
479 2728 598 2811 equium
617 2726 681 2788 sunt
698 2725 799 2790 osten»

120 2808 212 2872 dunt:
229 2826 302 2871 tunc
320 2810 406 2874 ranis
416 2830 452 2872 co
485 2830 549 2871 rum
564 2806 723 2950 piqmiain
735 2830 800 2873 cer·

641 2912 673 2973 Vl
