1975 3575
228 257 304 333 '106
353 259 587 329 GPtrnrr
610 259 804 328 Nnrun.

229 377 353 440 maximi
369 375 508 437 illustrata
523 373 651 436 Meffalae
669 393 741 457 potu
754 377 788 437 &
807 373 918 452 salute,
961 422 962 457 t

227 459 385 541 Lagarina,
398 478 458 517 non
478 457 580 538 procul
607 455 772 518 Grument'o
796 456 918 519 nascen·
961 476 962 507 ὲ

227 541 277 599 tia.
296 537 455 620 Campania
479 558 572 619 nuper
593 539 731 597 excitavit
749 539 844 599 novis
863 559 917 597 no·

227 619 353 680 minibus
374 617 592 693 auiloritatem,
612 620 674 678 sive
696 620 780 691 curi,
794 620 862 679 sive
875 639 918 678 ca·

227 698 281 770 sn,
301 699 339 760 ad
356 718 488 790 quartum
506 720 523 758 a
541 697 668 780 Neapoli
691 697 823 780 lapidem
843 697 917 763 Tre·

227 780 359 842 bellicis:
373 797 450 860 Juxta
467 776 599 861 Capuam
617 777 767 851 (laminis,
781 779 817 839 δε
828 778 918 839 infun

227 883 298 945 agro
315 859 510 922 Trebulanis:
530 859 637 941 alioqui
646 858 760 941 semper
771 863 851 920 inter
861 859 914 941 ple·
962 866 963 927 l

227 943 295 1004 beia
312 944 345 1005 &
361 938 514 1003 Trifolinis
530 941 658 1023 gloriata.
671 939 751 1000 Nam
762 939 916 1022 Pompeia·

227 1027 272 1084 nis
291 1022 435 1084 summum
452 1022 556 1084 decern
578 1041 718 1082 annorum
747 1021 913 1081 incremen-

227 1120 290 1164 tum
308 1102 368 1176 est,
387 1103 458 1163 nihil
473 1100 585 1163 seneili
613 1100 792 1162 conserente.
815 1099 912 1162 Dolo·
963 1176 964 1179 Ἴ

227 1204 259 1242 re
280 1186 368 1243 etiarn
386 1187 513 1264 capitum
532 1183 562 1241 in
584 1180 692 1243 sextam
721 1182 828 1243 horam
855 1182 913 1242 diei
963 1192 964 1215 ¹

227 1263 373 1345 sequentis
392 1262 495 1325 infesta
512 1261 777 1343 deprehenduntur.
794 1260 912 1403 {uibus
962 1264 964 1333 l

230 1344 385 1427 exemplis,
402 1348 455 1404 nisi
470 1343 572 1415 fallor,
593 1340 774 1404 manifestum
791 1363 809 1404 e
843 1365 910 1425 ‚pa

228 1428 312 1486 triam
335 1438 498 1505 terramque
525 1423 649 1496 referre,
669 1444 729 1483 non
755 1445 866 1485 uvam:
880 1424 909 1484 δι

228 1505 434 1587 supervacuam
456 1520 596 1586 generum
615 1503 862 1566 conseiiationem
880 1505 908 1562 in

227 1606 399 1659 nnmerum,
420 1589 488 1646 siun
506 1585 609 1646 eadem
626 1587 692 1645 vitis
714 1585 793 1645 aliud
809 1586 870 1646 aliis
881 1587 910 1643 in

227 1668 298 1727 locis
315 1667 433 1745 polleat.
456 1663 657 1746 Hispaniarum
672 1665 809 1727 Laletana
827 1665 909 1747 copii
963 1644 965 1719 i

227 1746 433 1809 nobilitantur:
454 1746 594 1828 elegantii
614 1767 688 1809 vero
707 1745 908 1810 Tarraconen·

227 1830 286 1900 sia,
307 1843 393 1907 atque
413 1827 628 1888 Lauronensia:
653 1830 686 1891 ἃ
708 1827 856 1891 Balearica
875 1846 908 1888 ex

226 1907 336 1980 insulis,
345 1906 530 1969 conferuntur
541 1907 628 1969 ltaliae
636 1911 746 1990 primis.
755 1909 822 1972 Nec
830 1912 909 1991 igno·

227 2007 280 2061 ro,
296 1990 386 2049 multa
404 1988 586 2071 praetermissa
601 1988 755 2073 plerosque
769 1990 908 2053 existima

225 2085 323 2142 turos,
333 2071 450 2152 quando
463 2069 544 2131 suurn
552 2073 655 2152 cuique
663 2072 784 2152 placet,
795 2073 830 2134 &
840 2090 905 2154 quo·

225 2168 350 2232 cumque
374 2169 474 2224 eatur,
494 2150 591 2212 fabula
616 2152 719 2213 eadem
746 2156 905 2234 reperiturt·

225 2252 244 2286 n
256 2228 329 2291 Divi
345 2230 467 2316 Augusti
484 2230 661 2312 judiciorum
671 2254 715 2293 ac
734 2233 820 2313 palati
833 2233 906 2315 peri·

223 2337 243 2371 n
251 2314 393 2373 tissimum
405 2334 421 2374 e
432 2314 559 2386 libertis,
572 2312 719 2374 censuram
728 2316 789 2373 vini
799 2316 831 2373 in
839 2331 906 2395 epu

223 2393 295 2451 silas
322 2391 383 2472 ejus
410 2394 585 2465 facientem,
603 2392 702 2454 dixisse
726 2393 834 2476 hospiti
866 2392 903 2453 de

225 2496 243 2530 ιι
256 2474 392 2555 indigena
410 2475 501 2544 vino,
519 2493 631 2535 novum
649 2475 766 2556 quidem
786 2476 841 2536 sibi
853 2492 902 2556 gu·

222 2573 243 2608 n
252 2550 328 2612 ilum
341 2551 396 2614 esse
415 2569 499 2625 eum,
509 2570 596 2636 atque
610 2575 669 2615 non
689 2575 726 2615 ex
739 2555 903 2627 nobilibus,

220 2654 240 2688 n
253 2630 302 2692 sed
323 2630 467 2695 Caesarem
476 2654 537 2695 non
551 2634 628 2695 aliud
640 2652 777 2715 potnrnsn
788 2661 820 2696 n.
837 2633 899 2696 Nes

220 2717 387 2791 negaverim
408 2715 440 2782 &
457 2715 512 2777 alia
527 2715 614 2798 digna
628 2714 684 2778 elle
695 2715 790 2779 fanti:
804 2715 854 2780 sed
866 2712 902 2775 ele
