1975 3575
161 231 593 370 omniurn.
646 308 726 382 331.

47 401 139 465 incdia.
162 400 207 469 Ex
223 402 270 461 his
295 401 429 484 quaedam
460 400 525 463 sunt
553 408 717 466 communia

48 484 182 554 omnium,
209 482 349 564 quaedanr
376 485 493 564 propria
521 486 717 565 quarumdam.

49 561 207 623 Communia
218 586 225 624 ε
236 562 424 645 ablaqueatio
434 607 443 634 ,
453 563 659 638 adcumulatio,
669 566 717 626 ad·

48 642 98 701 llari
113 643 221 716 radices,
231 686 242 715 ,
254 660 307 705 aut
319 664 375 704 coo
398 645 483 718 eriri,
493 644 580 736 riguis
589 645 657 707 dato
665 667 728 726 po·,

50 739 75 782 tu
88 723 132 783 vel
149 723 247 785 ablato
257 770 271 798 ,
290 723 355 784 fimi
371 665 457 786 iircco
478 723 591 786 retectis
601 771 612 799 ‚
639 744 719 807 puta·

49 804 115 863 tione
123 804 222 867 levatis
234 825 341 867 onere.
354 803 428 867 Item
438 804 524 868 succo
533 805 732 890 emissoquae·.

52 882 106 942 dam
121 884 211 946 veluti
237 884 384 948 detrudio
413 885 572 968 sanguinis:
591 888 721 949 circum·

51 967 112 1023 rasio
128 967 258 1028 corticis:
277 969 388 1029 vitium
406 968 593 1039 extenuatio,
611 970 645 1030 ’δι
664 968 724 1029 do·

52 1044 139 1103 mitura
163 1047 344 1129 palmitum:
386 1066 569 1121 emmarum,
590 1048 615 1106 si
633 1047 722 1143 frigus

52 1126 187 1187 retorridas
198 1126 350 1210 hirtasque
366 1067 492 1200 iecerit,
509 1128 723 1208 repumicatio,

49 1202 204 1284 &quadam
222 1209 367 1289 politura.
377 1207 527 1270 Arborum
539 1211 573 1267 iis
585 1207 646 1269 alite
658 1229 730 1269 ma·.

53 1283 166 1422 {malin
182 1291 279 1350 minus
306 1288 452 1371 gaudent:
470 1287 561 1351 veluti
579 1287 734 1370 cupressus.

87 1385 178 1447 aquarn
187 1369 365 1452 aspernatur
377 1366 540 1442 detiorum,
560 1369 726 1430 &circum-

55 1439 186 1524 solsuram,
216 1451 540 1533 amputationemque,
574 1448 607 1509 dt
627 1450 732 1515 omnia:

58 1528 164 1590 remedia
175 1531 267 1592 odit:
285 1533 360 1612 quin
376 1532 462 1591 etiarn
483 1546 602 1591 necatur
617 1530 725 1611 riguisr

58 1601 149 1668 &vitis
160 1654 170 1683 ‚
183 1612 216 1672 δι
236 1611 358 1672 Punicae
379 1609 524 1691 praecipue
544 1609 666 1670 aluntur.
677 1608 734 1670 Fi··

61 1701 99 1770 cus
118 1689 199 1750 arbor
216 1691 279 1772 ipsa
294 1692 380 1773 riguis
396 1690 499 1762 alit-ur,
511 1709 633 1771 pomum
650 1691 734 1753 vero:

62 1779 109 1840 elus
116 1770 268 1835 marcescit.
291 1770 465 1855 Amygdalae
481 1771 505 1830 si
521 1771 650 1833 colantur
664 1768 725 1832 sot·

64 1845 146 1923 riona,
169 1853 277 1916 florem
301 1856 444 1914 amittunt.
464 1850 533 1913 Nee
550 1853 649 1914 insitas
669 1853 726 1912 cir·

64 1927 212 1993 cunfodere
225 1926 378 2015 oportet,
400 1930 544 2012 riusquam
554 1931 727 1993 validaeser·

64 2021 88 2063 te
102 2029 141 2070 coe
162 2015 239 2073 erint
258 2034 359 2093 poma.
371 1954 503 2071 siurimae
518 2028 613 2072 autem
625 2032 729 2092 ampu-

65 2087 107 2146 uri
122 2033 173 2152 nii
186 2093 296 2155 volunt
311 2090 431 2152 onerosa
443 2111 476 2150 ac
490 2088 680 2171 supervacua„
692 2091 729 2151 si·

65 2182 103 2225 cut
118 2191 168 2231 nos
190 2172 356 2254 ungues&
376 2170 521 2250 capillum.
548 2169 737 2235 reciduntur„

66 2261 262 2323 reterestotae,
276 2272 308 2311 ac
317 2247 409 2311 rursus
423 2268 440 2307 a
456 2247 569 2309 stolone
580 2249 677 2344 aliquo
688 2268 734 2309 re·

66 2319 183 2407 surgunt:
202 2330 255 2393 sed
277 2348 483 2399 nomentum,
508 2348 562 2389 nec
583 2329 638 2390 niu
659 2348 733 2411 qua-

66 2421 118 2465 rum
136 2431 268 2473 naturam
284 2412 342 2494 pati
358 2409 494 2471 diximus.

99 2484 158 2550 XL.
173 2493 269 2577 Rigua
283 2490 387 2555 aestivis
398 2486 554 2572 vaporibus
564 2487 642 2548 utilia
651 2488 739 2561 ,hie-⁴

67 2580 105 2624 me
121 2571 251 2648 inimica,
270 2591 409 2642 autumno
421 2571 521 2644 varia,
540 2571 572 2633 δι
589 2589 627 2630 ex
647 2584 738 2629 natu-⁴

69 2643 94 2700 ra
107 2645 172 2712 soli:
211 2656 298 2735 uippe
324 2657 389 2715 cunt
418 2652 612 2713 vindemiator
632 2647 735 2790 Hispa·

68 2724 166 2790 uiarum
189 2676 331 2816 flagrante
352 2734 415 2795 solo
434 2733 660 2793 uvas‘dertretat.
701 2728 741 2790 εἰ

68 2807 122 2869 tero
142 2832 251 2904 merore
265 2819 294 2886 in
312 2832 392 2900 parte
407 2812 489 2886 orbis
506 2815 592 2876 etiam
620 2811 740 2895 pluviat
