1975 3575
195 206 640 306 Hrrron.‘Lib.XV1H.
690 233 761 311 443

87 323 171 409 segeti
188 342 338 409 parceret,
350 344 520 411 raperetque
537 329 646 392 deserta
662 328 714 393 sub
724 351 768 393 te·

87 405 175 482 rium,
195 408 296 489 paucis
313 428 382 468 mox
398 408 476 469 horis
492 408 569 470 saevo
597 411 690 473 imbre
710 433 767 474 ve-

85 489 250 550 ticinatione
261 488 431 570 adprobati.
441 487 526 569 Quin
535 492 625 551 immo
639 493 670 554 δι
680 513 766 554 arun·

82 568 181 629 'dinem
193 590 256 629 non
268 571 323 629 nisi
337 570 527 651 impendente
547 571 645 652 pluria
653 570 706 633 seri
718 572 764 653 ju·

84 646 168 722 bem,
185 649 219 712 δι
232 648 333 731 fruges
351 648 514 711 insecuturo
530 650 633 712 imbre.
643 650 762 793 Quam-

84 728 184 790 obrem
198 731 233 793 &
251 732 315 790 haec
325 730 452 793 breviter
466 734 650 815 attingimus,
671 750 766 806 erutae

29 847 32 854 ι
84 810 106 868 ri
125 812 252 871 maxime
279 814 458 894 pertinentia.
614 864 617 869 ,

120 889 311 974 Primumque
327 915 344 953 a
362 892 431 954 Sole
451 894 596 975 capiemus
619 891 768 976 praesagia)

82 967 166 1034 Purus
189 975 313 1047 oriens,
334 989 421 1055 atque
440 993 501 1034 non
528 972 666 1049 fervens,
687 971 765 1036 sere·

81 1071 148 1113 num
169 1053 251 1114 diem
276 1056 405 1114 nuntiat:
426 1070 454 1113 at
476 1053 625 1114 hibernam
660 1054 765 1116 allidur

82 1132 259 1275 {pandinem
288 1131 369 1197 Si&
387 1134 494 1194 occidit
535 1134 608 1195 ridie
630 1076 764 1211 nisenus,

130 1217 250 1292 oritur,
275 1217 358 1275 tanto
379 1218 484 1275 certior
523 1215 574 1275 des
596 1212 768 1279 serenitatim·

83 1291 239 1358 Concavus
261 1297 364 1356 oriens
380 1293 491 1376 pluvias
513 1294 662 1376 praedicir:
682 1296 765 1357 idem

82 1393 208 1452 ventos,
229 1379 298 1438 cum
321 1393 387 1437 ante
414 1378 594 1437 exorientem
618 1395 685 1436 eum
708 1396 765 1436 nu·
856 1417 859 1422 »

82 1454 133 1517 bes
148 1458 324 1522 rubescunt:
339 1457 419 1539 qnod
437 1458 460 1516 si
478 1457 512 1519 δι
530 1459 618 1539 nigrae
634 1457 764 1517 rubenti·

83 1535 135 1597 bus
154 1539 427 1612 intervenerint‚&
447 1536 569 1617 pluvias.
581 1536 659 1598 Cum
667 1539 766 1598 orien-

82 1618 117 1677 tis
125 1620 390 1702 atqueoccidentis
401 1619 471 1677 radii
479 1617 584 1678 rubent
594 1664 602 1689 ,
614 1620 693 1678 coire
703 1619 766 1699 plu·

83 1699 152 1760 vias.
172 1699 203 1760 Si
214 1700 479 1761 circaoccidentem
490 1695 643 1759 rubescunt
653 1698 764 1772 nubes,

81 1775 266 1842 serenitatem
290 1781 391 1843 futurae
416 1779 476 1843 diei
499 1778 661 1864 spondent.-
678 1777 708 1841 Si
731 1780 762 1841 in

82 1877 188 1923 exortu
211 1860 377 1943 spargentur
404 1856 509 1944 partini
535 1863 572 1922 ad
602 1859 761 1937 Austrum,

79 1942 189 2020 partim
209 1941 247 1999 ad
261 1943 456 2021 Aquilonem,
472 1964 543 2021 pura
554 1944 630 2002 circa
640 1940 764 2002 enmse·

79 2022 190 2081 tenitas
201 2021 239 2079 sit
255 2020 337 2092 licet,
346 2021 476 2115 pluviam
492 2037 590 2080 tamen
601 2021 764 2104 ventosque

81 2097 295 2184 significabunt
307 2098 337 2160 Si
347 2121 376 2159 m
386 2104 454 2159 ortu
471 2117 520 2160 aut
537 2102 566 2161 in
579 2097 681 2162 occasu
690 2122 767 2161 con·

81 2180 163 2243 tracii
173 2197 327 2243 cernentur
341 2181 430 2251 radii,
442 2181 575 2241 imbrem.
594 2178 624 2239 Si
635 2183 665 2239 in
676 2201 765 2241 occa-

82 2260 114 2321 su
133 2261 197 2343 ejus
236 2262 313 2337 luet,
331 2278 380 2321 aut
393 2260 465 2320 radii
483 2262 513 2319 in
531 2259 559 2320 se
576 2259 684 2320 nubem
699 2276 767 2319 tra·

83 2340 170 2417 irent,
184 2365 201 2404 a
213 2365 312 2425 peram
327 2344 357 2402 in
374 2344 539 2423 proximum
552 2340 632 2400 diem
648 2357 766 2420 tempe-

84 2421 185 2485 statem
210 2423 418 2508 significabunt.
444 2420 522 2482 Com
555 2422 666 2482 oriente
692 2420 765 2481 radii

84 2522 144 2564 non
162 2503 284 2566 illustres
306 2504 491 2576 eminebunt,
503 2502 636 2584 quamvis
646 2502 770 2561 circuere

85 2584 143 2645 dati
164 2587 241 2647 nube
262 2606 322 2647 non
340 2588 411 2659 sint,
426 2584 555 2665 pluriam
579 2580 770 2661 pertendente

86 2660 116 2723 Si
134 2685 200 2728 ante
223 2685 356 2729 exortum
376 2667 468 2727 nubes
486 2663 767 2748 globabuntur,irie·

86 2762 164 2811 mem
181 2746 309 2832 asperam
321 2747 538 2814 denuntiabtmt
551 2743 602 2887 Sir
591 2745 628 2804 ab
636 2758 704 2837 ortu
719 2761 767 2806 re·

614 2846 645 2908 vl
727 2854 729 2857 .
