<?xml version="1.0" encoding="UTF-8"?>
<!DOCTYPE html PUBLIC "-//W3C//DTD XHTML 1.0 Transitional//EN"
    "http://www.w3.org/TR/xhtml1/DTD/xhtml1-transitional.dtd">
<html xmlns="http://www.w3.org/1999/xhtml" xml:lang="en" lang="en">
 <head>
  <title>
</title>
<meta http-equiv="Content-Type" content="text/html;charset=utf-8" />
  <meta name='ocr-system' content='tesseract 3.04.00' />
  <meta name='ocr-capabilities' content='ocr_page ocr_carea ocr_par ocr_line ocrx_word'/>
</head>
<body>
  <div class='ocr_page' id='page_1' title='image "./caiipliniisecun01goog_0177.png"; bbox 0 0 1975 3575; ppageno 0'>
   <div class='ocr_carea' id='block_1_1' title="bbox 183 229 728 334">
    <p class='ocr_par' dir='ltr' id='par_1_1' title="bbox 183 229 728 334">
     <span class='ocr_line' id='line_1_1' title="bbox 183 229 728 334; baseline 0.017 -35"><span class='ocrx_word' id='word_1_1' title='bbox 183 229 412 302; x_wconf 82' lang='lat' dir='ltr'>Hrsron.</span> <span class='ocrx_word' id='word_1_2' title='bbox 426 233 498 303; x_wconf 89' lang='lat' dir='ltr'>Lib.</span> <span class='ocrx_word' id='word_1_3' title='bbox 527 230 607 305; x_wconf 87' lang='lat' dir='ltr'>XV.</span> <span class='ocrx_word' id='word_1_4' title='bbox 662 237 728 334; x_wconf 68' lang='grc' dir='ltr'>κός</span> 
     </span>
    </p>
   </div>
   <div class='ocr_carea' id='block_1_2' title="bbox 61 344 827 2834">
    <p class='ocr_par' dir='ltr' id='par_1_2' title="bbox 61 344 827 2834">
     <span class='ocr_line' id='line_1_2' title="bbox 62 344 729 429; baseline 0.012 -24"><span class='ocrx_word' id='word_1_5' title='bbox 62 346 101 426; x_wconf 84' lang='lat' dir='ltr'>qui</span> <span class='ocrx_word' id='word_1_6' title='bbox 117 344 175 429; x_wconf 85' lang='lat' dir='ltr'>ipse</span> <span class='ocrx_word' id='word_1_7' title='bbox 196 348 292 408; x_wconf 87' lang='lat' dir='ltr'>nullus</span> <span class='ocrx_word' id='word_1_8' title='bbox 311 347 354 408; x_wconf 84' lang='lat' dir='ltr'>est</span> <span class='ocrx_word' id='word_1_9' title='bbox 373 372 389 409; x_wconf 90' lang='lat' dir='ltr'>a</span> <span class='ocrx_word' id='word_1_10' title='bbox 411 352 453 409; x_wconf 86' lang='lat' dir='ltr'>uis</span> <span class='ocrx_word' id='word_1_11' title='bbox 465 373 472 411; x_wconf 90' lang='lat'>:</span> <span class='ocrx_word' id='word_1_12' title='bbox 484 368 532 415; x_wconf 85' lang='lat' dir='ltr'>aut</span> <span class='ocrx_word' id='word_1_13' title='bbox 553 353 577 412; x_wconf 88' lang='lat' dir='ltr'>si</span> <span class='ocrx_word' id='word_1_14' title='bbox 594 351 729 424; x_wconf 63' lang='lat' dir='ltr'>sancituri</span> 
     </span>
     <span class='ocr_line' id='line_1_3' title="bbox 61 426 728 504; baseline 0.013 -21"><span class='ocrx_word' id='word_1_15' title='bbox 61 430 167 488; x_wconf 84' lang='lat' dir='ltr'>omnino</span> <span class='ocrx_word' id='word_1_16' title='bbox 184 431 292 491; x_wconf 78' lang='lat' dir='ltr'>vitium</span> <span class='ocrx_word' id='word_1_17' title='bbox 318 426 367 490; x_wconf 84' lang='lat' dir='ltr'>est.</span> <span class='ocrx_word' id='word_1_18' title='bbox 434 433 527 504; x_wconf 87' lang='lat' dir='ltr'>irum,</span> <span class='ocrx_word' id='word_1_19' title='bbox 547 435 599 491; x_wconf 89' lang='lat' dir='ltr'>tria</span> <span class='ocrx_word' id='word_1_20' title='bbox 620 446 728 495; x_wconf 75' lang='lat' dir='ltr'>naturai</span> 
     </span>
     <span class='ocr_line' id='line_1_4' title="bbox 63 508 731 592; baseline 0.012 -26"><span class='ocrx_word' id='word_1_21' title='bbox 63 510 191 590; x_wconf 75' lang='lat' dir='ltr'>precipua</span> <span class='ocrx_word' id='word_1_22' title='bbox 207 510 352 569; x_wconf 85' lang='lat' dir='ltr'>elementa</span> <span class='ocrx_word' id='word_1_23' title='bbox 372 510 434 569; x_wconf 88' lang='lat' dir='ltr'>sine</span> <span class='ocrx_word' id='word_1_24' title='bbox 453 508 555 592; x_wconf 87' lang='lat' dir='ltr'>sapore</span> <span class='ocrx_word' id='word_1_25' title='bbox 573 510 648 584; x_wconf 81' lang='lat' dir='ltr'>elle,</span> <span class='ocrx_word' id='word_1_26' title='bbox 667 516 731 574; x_wconf 85' lang='lat' dir='ltr'>sine</span> 
     </span>
     <span class='ocr_line' id='line_1_5' title="bbox 62 586 726 673; baseline 0.011 -27"><span class='ocrx_word' id='word_1_27' title='bbox 62 586 163 662; x_wconf 86' lang='lat' dir='ltr'>odore,</span> <span class='ocrx_word' id='word_1_28' title='bbox 180 591 240 649; x_wconf 89' lang='lat' dir='ltr'>sine</span> <span class='ocrx_word' id='word_1_29' title='bbox 263 610 369 650; x_wconf 87' lang='lat' dir='ltr'>succo:</span> <span class='ocrx_word' id='word_1_30' title='bbox 386 610 491 671; x_wconf 88' lang='lat' dir='ltr'>aquas,</span> <span class='ocrx_word' id='word_1_31' title='bbox 503 611 588 664; x_wconf 85' lang='lat' dir='ltr'>aera,</span> <span class='ocrx_word' id='word_1_32' title='bbox 598 595 688 673; x_wconf 86' lang='lat' dir='ltr'>ignes.</span> <span class='ocrx_word' id='word_1_33' title='bbox 722 616 726 625; x_wconf 82' lang='grc'><strong>’</strong></span> 
     </span>
     <span class='ocr_line' id='line_1_6' title="bbox 94 667 731 753; baseline 0.003 -25"><span class='ocrx_word' id='word_1_34' title='bbox 94 667 227 730; x_wconf 80' lang='lat' dir='ltr'>XXXIII.</span> <span class='ocrx_word' id='word_1_35' title='bbox 250 668 302 731; x_wconf 84' lang='lat'>28.</span> <span class='ocrx_word' id='word_1_36' title='bbox 318 668 396 752; x_wconf 77' lang='lat' dir='ltr'>E1go</span> <span class='ocrx_word' id='word_1_37' title='bbox 415 669 567 730; x_wconf 90' lang='lat' dir='ltr'>succorum</span> <span class='ocrx_word' id='word_1_38' title='bbox 579 675 677 732; x_wconf 81' lang='lat' dir='ltr'>vinosi</span> <span class='ocrx_word' id='word_1_39' title='bbox 688 674 731 753; x_wconf 72' lang='lat' dir='ltr'>pia</span> 
     </span>
     <span class='ocr_line' id='line_1_7' title="bbox 66 749 732 833; baseline 0.008 -27"><span class='ocrx_word' id='word_1_40' title='bbox 66 769 107 821; x_wconf 86' lang='lat' dir='ltr'>ro,</span> <span class='ocrx_word' id='word_1_41' title='bbox 120 769 223 824; x_wconf 86' lang='lat' dir='ltr'>moro,</span> <span class='ocrx_word' id='word_1_42' title='bbox 236 766 357 830; x_wconf 85' lang='lat' dir='ltr'>myrto:</span> <span class='ocrx_word' id='word_1_43' title='bbox 378 751 499 809; x_wconf 69' lang='lat' dir='ltr'>minimi</span> <span class='ocrx_word' id='word_1_44' title='bbox 517 749 622 833; x_wconf 90' lang='lat' dir='ltr'>(quod</span> <span class='ocrx_word' id='word_1_45' title='bbox 633 755 732 812; x_wconf 76' lang='lat' dir='ltr'>mire-r</span> 
     </span>
     <span class='ocr_line' id='line_1_8' title="bbox 66 827 735 911; baseline 0.004 -24"><span class='ocrx_word' id='word_1_46' title='bbox 66 827 138 908; x_wconf 88' lang='lat' dir='ltr'>mur)</span> <span class='ocrx_word' id='word_1_47' title='bbox 161 831 234 889; x_wconf 85' lang='lat' dir='ltr'>uvis.</span> <span class='ocrx_word' id='word_1_48' title='bbox 255 831 298 891; x_wconf 90' lang='lat' dir='ltr'>At</span> <span class='ocrx_word' id='word_1_49' title='bbox 309 832 428 911; x_wconf 85' lang='lat' dir='ltr'>pingues</span> <span class='ocrx_word' id='word_1_50' title='bbox 444 831 551 905; x_wconf 84' lang='lat' dir='ltr'>olivae,</span> <span class='ocrx_word' id='word_1_51' title='bbox 568 831 669 904; x_wconf 85' lang='lat' dir='ltr'>lauro,</span> <span class='ocrx_word' id='word_1_52' title='bbox 681 851 735 890; x_wconf 82' lang='lat' dir='ltr'>nu·</span> 
     </span>
     <span class='ocr_line' id='line_1_9' title="bbox 66 907 733 992; baseline 0.003 -25"><span class='ocrx_word' id='word_1_53' title='bbox 66 907 213 990; x_wconf 77' lang='lat' dir='ltr'>cijuglandi</span> <span class='ocrx_word' id='word_1_54' title='bbox 222 955 232 983; x_wconf 90' lang='lat'>‚</span> <span class='ocrx_word' id='word_1_55' title='bbox 242 910 403 992; x_wconf 83' lang='lat' dir='ltr'>amygdalis</span> <span class='ocrx_word' id='word_1_56' title='bbox 415 934 422 971; x_wconf 81' lang='lat' dir='ltr'><strong><em>z</em></strong></span> <span class='ocrx_word' id='word_1_57' title='bbox 434 910 532 971; x_wconf 77' lang='lat' dir='ltr'><strong>dulces</strong></span> <span class='ocrx_word' id='word_1_58' title='bbox 550 914 631 986; x_wconf 78' lang='lat' dir='ltr'>uvis,</span> <span class='ocrx_word' id='word_1_59' title='bbox 648 909 733 985; x_wconf 85' lang='lat' dir='ltr'>ficis,</span> 
     </span>
     <span class='ocr_line' id='line_1_10' title="bbox 67 988 732 1072; baseline 0.006 -25"><span class='ocrx_word' id='word_1_60' title='bbox 67 990 174 1068; x_wconf 84' lang='lat' dir='ltr'>palmis:</span> <span class='ocrx_word' id='word_1_61' title='bbox 189 988 310 1071; x_wconf 88' lang='lat' dir='ltr'>aquosus</span> <span class='ocrx_word' id='word_1_62' title='bbox 331 992 438 1070; x_wconf 83' lang='lat' dir='ltr'>prunis.</span> <span class='ocrx_word' id='word_1_63' title='bbox 450 989 559 1072; x_wconf 81' lang='lat' dir='ltr'>Magna</span> <span class='ocrx_word' id='word_1_64' title='bbox 571 990 732 1052; x_wconf 79' lang='lat' dir='ltr'>differentia</span> 
     </span>
     <span class='ocr_line' id='line_1_11' title="bbox 68 1067 734 1152; baseline 0.003 -23"><span class='ocrx_word' id='word_1_65' title='bbox 68 1069 133 1129; x_wconf 88' lang='lat' dir='ltr'>&amp;in</span> <span class='ocrx_word' id='word_1_66' title='bbox 148 1069 245 1130; x_wconf 87' lang='lat' dir='ltr'>colore</span> <span class='ocrx_word' id='word_1_67' title='bbox 263 1069 348 1131; x_wconf 87' lang='lat' dir='ltr'>succi.</span> <span class='ocrx_word' id='word_1_68' title='bbox 368 1067 544 1152; x_wconf 75' lang='lat' dir='ltr'>Sanguineas</span> <span class='ocrx_word' id='word_1_69' title='bbox 556 1074 664 1144; x_wconf 85' lang='lat' dir='ltr'>moris,</span> <span class='ocrx_word' id='word_1_70' title='bbox 680 1086 734 1131; x_wconf 71' lang='lat' dir='ltr'>ceo&#39;</span> 
     </span>
     <span class='ocr_line' id='line_1_12' title="bbox 69 1149 733 1232; baseline 0.002 -24"><span class='ocrx_word' id='word_1_71' title='bbox 69 1150 143 1220; x_wconf 82' lang='lat' dir='ltr'>rasis,</span> <span class='ocrx_word' id='word_1_72' title='bbox 163 1152 278 1222; x_wconf 87' lang='lat' dir='ltr'>cornis,</span> <span class='ocrx_word' id='word_1_73' title='bbox 294 1153 361 1211; x_wconf 86' lang='lat' dir='ltr'>uvis</span> <span class='ocrx_word' id='word_1_74' title='bbox 377 1152 473 1232; x_wconf 83' lang='lat' dir='ltr'>nigris.</span> <span class='ocrx_word' id='word_1_75' title='bbox 486 1149 569 1212; x_wconf 84' lang='lat' dir='ltr'>Idem</span> <span class='ocrx_word' id='word_1_76' title='bbox 577 1152 651 1212; x_wconf 87' lang='lat' dir='ltr'>albis</span> <span class='ocrx_word' id='word_1_77' title='bbox 662 1160 733 1213; x_wconf 57' lang='lat' dir='ltr'>canl</span> 
     </span>
     <span class='ocr_line' id='line_1_13' title="bbox 70 1229 732 1314; baseline 0.008 -26"><span class='ocrx_word' id='word_1_78' title='bbox 70 1229 147 1289; x_wconf 89' lang='lat' dir='ltr'>didus.</span> <span class='ocrx_word' id='word_1_79' title='bbox 164 1229 281 1291; x_wconf 61' lang='lat' dir='ltr'>ludens</span> <span class='ocrx_word' id='word_1_80' title='bbox 301 1233 332 1292; x_wconf 92' lang='lat' dir='ltr'>in</span> <span class='ocrx_word' id='word_1_81' title='bbox 351 1233 444 1311; x_wconf 87' lang='lat' dir='ltr'>capite</span> <span class='ocrx_word' id='word_1_82' title='bbox 462 1229 543 1306; x_wconf 85' lang='lat' dir='ltr'>ficis,</span> <span class='ocrx_word' id='word_1_83' title='bbox 562 1235 592 1292; x_wconf 87' lang='lat' dir='ltr'>in</span> <span class='ocrx_word' id='word_1_84' title='bbox 607 1251 732 1314; x_wconf 79' lang='lat' dir='ltr'>corpore</span> 
     </span>
     <span class='ocr_line' id='line_1_14' title="bbox 70 1309 735 1391; baseline 0.005 -23"><span class='ocrx_word' id='word_1_85' title='bbox 70 1312 214 1371; x_wconf 82' lang='lat' dir='ltr'>sonitem:</span> <span class='ocrx_word' id='word_1_86' title='bbox 233 1309 366 1391; x_wconf 88' lang='lat' dir='ltr'>spumeus</span> <span class='ocrx_word' id='word_1_87' title='bbox 396 1311 504 1371; x_wconf 84' lang='lat' dir='ltr'>malis:</span> <span class='ocrx_word' id='word_1_88' title='bbox 523 1311 617 1372; x_wconf 87' lang='lat' dir='ltr'>nullus</span> <span class='ocrx_word' id='word_1_89' title='bbox 641 1311 735 1372; x_wconf 58' lang='lat' dir='ltr'>Persi*</span> 
     </span>
     <span class='ocr_line' id='line_1_15' title="bbox 71 1388 735 1472; baseline 0.003 -24"><span class='ocrx_word' id='word_1_90' title='bbox 71 1392 194 1462; x_wconf 86' lang='lat' dir='ltr'>cis,cl1m</span> <span class='ocrx_word' id='word_1_91' title='bbox 211 1390 365 1472; x_wconf 76' lang='lat' dir='ltr'>praesertim</span> <span class='ocrx_word' id='word_1_92' title='bbox 384 1391 519 1452; x_wconf 82' lang='lat' dir='ltr'>duracina</span> <span class='ocrx_word' id='word_1_93' title='bbox 535 1389 620 1452; x_wconf 90' lang='lat' dir='ltr'>succo</span> <span class='ocrx_word' id='word_1_94' title='bbox 636 1388 735 1451; x_wconf 50' lang='lat' dir='ltr'>abun}</span> 
     </span>
     <span class='ocr_line' id='line_1_16' title="bbox 72 1469 736 1553; baseline 0.008 -24"><span class='ocrx_word' id='word_1_95' title='bbox 72 1470 145 1530; x_wconf 81' lang='lat' dir='ltr'>dent:</span> <span class='ocrx_word' id='word_1_96' title='bbox 155 1469 202 1532; x_wconf 86' lang='lat' dir='ltr'>led</span> <span class='ocrx_word' id='word_1_97' title='bbox 216 1474 281 1553; x_wconf 88' lang='lat' dir='ltr'>quis</span> <span class='ocrx_word' id='word_1_98' title='bbox 297 1469 358 1551; x_wconf 83' lang='lat' dir='ltr'>ejus</span> <span class='ocrx_word' id='word_1_99' title='bbox 368 1472 458 1532; x_wconf 88' lang='lat' dir='ltr'>ullum</span> <span class='ocrx_word' id='word_1_100' title='bbox 468 1472 570 1531; x_wconf 81' lang='lat' dir='ltr'>dixerit</span> <span class='ocrx_word' id='word_1_101' title='bbox 583 1471 736 1534; x_wconf 71' lang='lat' dir='ltr'>colorem?</span> 
     </span>
     <span class='ocr_line' id='line_1_17' title="bbox 73 1547 734 1624; baseline 0.005 -16"><span class='ocrx_word' id='word_1_102' title='bbox 73 1547 162 1612; x_wconf 85' lang='lat' dir='ltr'>Sua&amp;</span> <span class='ocrx_word' id='word_1_103' title='bbox 179 1554 207 1611; x_wconf 89' lang='lat' dir='ltr'>in</span> <span class='ocrx_word' id='word_1_104' title='bbox 226 1552 320 1613; x_wconf 85' lang='lat' dir='ltr'>odore</span> <span class='ocrx_word' id='word_1_105' title='bbox 337 1553 483 1612; x_wconf 87' lang='lat' dir='ltr'>miracula.</span> <span class='ocrx_word' id='word_1_106' title='bbox 506 1549 594 1613; x_wconf 86' lang='lat' dir='ltr'>Malis</span> <span class='ocrx_word' id='word_1_107' title='bbox 612 1569 734 1624; x_wconf 84' lang='lat' dir='ltr'>acutus,</span> 
     </span>
     <span class='ocr_line' id='line_1_18' title="bbox 73 1627 737 1707; baseline 0.017 -20"><span class='ocrx_word' id='word_1_108' title='bbox 73 1627 174 1692; x_wconf 81' lang='lat' dir='ltr'>Persicis</span> <span class='ocrx_word' id='word_1_109' title='bbox 193 1632 318 1707; x_wconf 75' lang='lat' dir='ltr'>dilutius,</span> <span class='ocrx_word' id='word_1_110' title='bbox 338 1632 468 1694; x_wconf 84' lang='lat' dir='ltr'><strong>dulcibus</strong></span> <span class='ocrx_word' id='word_1_111' title='bbox 488 1632 609 1694; x_wconf 85' lang='lat' dir='ltr'>nullus:</span> <span class='ocrx_word' id='word_1_112' title='bbox 627 1652 693 1693; x_wconf 88' lang='lat' dir='ltr'>nam</span> <span class='ocrx_word' id='word_1_113' title='bbox 704 1634 737 1698; x_wconf 67' lang='grc' dir='ltr'><strong>ἃ</strong></span> 
     </span>
     <span class='ocr_line' id='line_1_19' title="bbox 73 1711 737 1774; baseline 0.006 -6"><span class='ocrx_word' id='word_1_114' title='bbox 73 1711 160 1771; x_wconf 82' lang='lat' dir='ltr'>vinnm</span> <span class='ocrx_word' id='word_1_115' title='bbox 173 1712 230 1774; x_wconf 79' lang='lat' dir='ltr'>tale</span> <span class='ocrx_word' id='word_1_116' title='bbox 250 1715 313 1774; x_wconf 87' lang='lat' dir='ltr'>sine</span> <span class='ocrx_word' id='word_1_117' title='bbox 335 1713 448 1774; x_wconf 83' lang='lat' dir='ltr'>odore:</span> <span class='ocrx_word' id='word_1_118' title='bbox 464 1728 551 1773; x_wconf 83' lang='lat' dir='ltr'>tenue</span> <span class='ocrx_word' id='word_1_119' title='bbox 569 1711 737 1773; x_wconf 74' lang='lat' dir='ltr'>odoratiuse</span> 
     </span>
     <span class='ocr_line' id='line_1_20' title="bbox 75 1791 732 1875; baseline 0.008 -25"><span class='ocrx_word' id='word_1_120' title='bbox 75 1793 206 1875; x_wconf 85' lang='lat' dir='ltr'>multoque</span> <span class='ocrx_word' id='word_1_121' title='bbox 223 1794 345 1856; x_wconf 82' lang='lat' dir='ltr'>celerilrs</span> <span class='ocrx_word' id='word_1_122' title='bbox 360 1795 427 1854; x_wconf 86' lang='lat' dir='ltr'>talia</span> <span class='ocrx_word' id='word_1_123' title='bbox 445 1794 482 1853; x_wconf 87' lang='lat' dir='ltr'>ad</span> <span class='ocrx_word' id='word_1_124' title='bbox 497 1791 577 1854; x_wconf 88' lang='lat' dir='ltr'>usum</span> <span class='ocrx_word' id='word_1_125' title='bbox 592 1797 732 1866; x_wconf 62' lang='lat' dir='ltr'>veniunt,</span> 
     </span>
     <span class='ocr_line' id='line_1_21' title="bbox 75 1871 733 1957; baseline 0.003 -24"><span class='ocrx_word' id='word_1_126' title='bbox 75 1871 148 1953; x_wconf 78' lang='lat' dir='ltr'>quin</span> <span class='ocrx_word' id='word_1_127' title='bbox 178 1877 281 1957; x_wconf 81' lang='lat' dir='ltr'>inguia</span> <span class='ocrx_word' id='word_1_128' title='bbox 295 1873 374 1955; x_wconf 85' lang='lat' dir='ltr'>Quae</span> <span class='ocrx_word' id='word_1_129' title='bbox 391 1875 533 1947; x_wconf 87' lang='lat' dir='ltr'>odorata,</span> <span class='ocrx_word' id='word_1_130' title='bbox 552 1894 612 1935; x_wconf 88' lang='lat' dir='ltr'>non</span> <span class='ocrx_word' id='word_1_131' title='bbox 628 1874 733 1935; x_wconf 85' lang='lat' dir='ltr'>eadem</span> 
     </span>
     <span class='ocr_line' id='line_1_22' title="bbox 75 1897 736 2037; baseline 0.005 -27"><span class='ocrx_word' id='word_1_132' title='bbox 75 1952 101 2010; x_wconf 92' lang='lat' dir='ltr'>in</span> <span class='ocrx_word' id='word_1_133' title='bbox 116 1897 186 2033; x_wconf 72' lang='lat' dir='ltr'>guill</span> <span class='ocrx_word' id='word_1_134' title='bbox 194 1972 293 2016; x_wconf 84' lang='lat' dir='ltr'>tenera</span> <span class='ocrx_word' id='word_1_135' title='bbox 304 1976 312 2013; x_wconf 90' lang='lat'>:</span> <span class='ocrx_word' id='word_1_136' title='bbox 324 1957 390 2037; x_wconf 89' lang='lat' dir='ltr'>quia</span> <span class='ocrx_word' id='word_1_137' title='bbox 399 1975 459 2016; x_wconf 90' lang='lat' dir='ltr'>non</span> <span class='ocrx_word' id='word_1_138' title='bbox 470 1953 534 2015; x_wconf 85' lang='lat' dir='ltr'>sunt</span> <span class='ocrx_word' id='word_1_139' title='bbox 541 1957 647 2035; x_wconf 78' lang='lat' dir='ltr'>pariter</span> <span class='ocrx_word' id='word_1_140' title='bbox 657 1956 736 2015; x_wconf 84' lang='lat' dir='ltr'>odor</span> 
     </span>
     <span class='ocr_line' id='line_1_23' title="bbox 76 2031 739 2116; baseline 0.012 -26"><span class='ocrx_word' id='word_1_141' title='bbox 76 2032 105 2091; x_wconf 75' lang='grc' dir='ltr'>δι</span> <span class='ocrx_word' id='word_1_142' title='bbox 123 2031 204 2115; x_wconf 87' lang='lat' dir='ltr'>sapor.</span> <span class='ocrx_word' id='word_1_143' title='bbox 228 2034 430 2116; x_wconf 79' lang='lat' dir='ltr'>Quamobrem</span> <span class='ocrx_word' id='word_1_144' title='bbox 442 2035 739 2098; x_wconf 65' lang='lat' dir='ltr'>cineisodoracerrie</span> 
     </span>
     <span class='ocr_line' id='line_1_24' title="bbox 77 2115 738 2198; baseline 0.014 -29"><span class='ocrx_word' id='word_1_145' title='bbox 77 2132 148 2185; x_wconf 89' lang='lat' dir='ltr'>mus,</span> <span class='ocrx_word' id='word_1_146' title='bbox 164 2115 244 2197; x_wconf 83' lang='lat' dir='ltr'>sapor</span> <span class='ocrx_word' id='word_1_147' title='bbox 253 2115 423 2198; x_wconf 85' lang='lat' dir='ltr'>asperrimus</span> <span class='ocrx_word' id='word_1_148' title='bbox 439 2136 447 2175; x_wconf 74' lang='grc' dir='ltr'>ι</span> <span class='ocrx_word' id='word_1_149' title='bbox 470 2115 678 2195; x_wconf 77' lang='lat' dir='ltr'>quadamtenus</span> <span class='ocrx_word' id='word_1_150' title='bbox 704 2116 738 2178; x_wconf 76' lang='grc' dir='ltr'>δι</span> 
     </span>
     <span class='ocr_line' id='line_1_25' title="bbox 78 2193 709 2279; baseline -0.002 -28"><span class='ocrx_word' id='word_1_151' title='bbox 78 2199 208 2257; x_wconf 82' lang='lat' dir='ltr'>cotoneis:</span> <span class='ocrx_word' id='word_1_152' title='bbox 225 2195 376 2279; x_wconf 87' lang='lat' dir='ltr'>nullusque</span> <span class='ocrx_word' id='word_1_153' title='bbox 394 2194 469 2255; x_wconf 88' lang='lat' dir='ltr'>odor</span> <span class='ocrx_word' id='word_1_154' title='bbox 486 2193 559 2254; x_wconf 85' lang='lat' dir='ltr'>ficis.</span> <span class='ocrx_word' id='word_1_155' title='bbox 576 2267 579 2271; x_wconf 17' lang='grc' dir='ltr'>ι</span> <span class='ocrx_word' id='word_1_156' title='bbox 707 2247 709 2250; x_wconf 87' lang='grc'>.</span> 
     </span>
     <span class='ocr_line' id='line_1_26' title="bbox 81 2271 738 2352; baseline -0.003 -16"><span class='ocrx_word' id='word_1_157' title='bbox 81 2309 84 2318; x_wconf 77' lang='lat'><em>,</em></span> <span class='ocrx_word' id='word_1_158' title='bbox 112 2271 239 2339; x_wconf 83' lang='lat' dir='ltr'>XXXIV.</span> <span class='ocrx_word' id='word_1_159' title='bbox 259 2282 297 2339; x_wconf 87' lang='lat' dir='ltr'>Et</span> <span class='ocrx_word' id='word_1_160' title='bbox 315 2275 449 2338; x_wconf 68' lang='lat' dir='ltr'>hactenus</span> <span class='ocrx_word' id='word_1_161' title='bbox 459 2277 514 2333; x_wconf 83' lang='lat' dir='ltr'>sint</span> <span class='ocrx_word' id='word_1_162' title='bbox 524 2272 631 2351; x_wconf 83' lang='lat' dir='ltr'>species</span> <span class='ocrx_word' id='word_1_163' title='bbox 643 2292 676 2336; x_wconf 83' lang='lat' dir='ltr'>ac</span> <span class='ocrx_word' id='word_1_164' title='bbox 688 2290 738 2352; x_wconf 76' lang='lat' dir='ltr'>ge·</span> 
     </span>
     <span class='ocr_line' id='line_1_27' title="bbox 79 2350 743 2432; baseline 0.008 -23"><span class='ocrx_word' id='word_1_165' title='bbox 79 2371 138 2413; x_wconf 83' lang='lat' dir='ltr'>nera</span> <span class='ocrx_word' id='word_1_166' title='bbox 174 2378 326 2432; x_wconf 83' lang='lat' dir='ltr'>umorum,</span> <span class='ocrx_word' id='word_1_167' title='bbox 343 2372 458 2416; x_wconf 86' lang='lat' dir='ltr'>naturas</span> <span class='ocrx_word' id='word_1_168' title='bbox 469 2350 571 2414; x_wconf 66' lang='lat' dir='ltr'>atilius</span> <span class='ocrx_word' id='word_1_169' title='bbox 583 2350 680 2430; x_wconf 82' lang='lat' dir='ltr'>colligi</span> <span class='ocrx_word' id='word_1_170' title='bbox 690 2369 743 2431; x_wconf 70' lang='lat' dir='ltr'>par</span> 
     </span>
     <span class='ocr_line' id='line_1_28' title="bbox 76 2427 811 2519; baseline 0.001 -28"><span class='ocrx_word' id='word_1_171' title='bbox 76 2430 125 2491; x_wconf 75' lang='lat' dir='ltr'>est.</span> <span class='ocrx_word' id='word_1_172' title='bbox 166 2438 171 2451; x_wconf 87' lang='lat'>&#39;</span> <span class='ocrx_word' id='word_1_173' title='bbox 197 2440 307 2519; x_wconf 84' lang='lat' dir='ltr'>siliquis</span> <span class='ocrx_word' id='word_1_174' title='bbox 326 2440 493 2519; x_wconf 81' lang='lat' dir='ltr'>gignuntur,</span> <span class='ocrx_word' id='word_1_175' title='bbox 507 2432 578 2514; x_wconf 84' lang='lat' dir='ltr'>ipsis</span> <span class='ocrx_word' id='word_1_176' title='bbox 588 2427 740 2505; x_wconf 83' lang='lat' dir='ltr'>dulcibus,</span> <span class='ocrx_word' id='word_1_177' title='bbox 808 2485 811 2492; x_wconf 30' lang='lat'><strong>⁴</strong></span> 
     </span>
     <span class='ocr_line' id='line_1_29' title="bbox 79 2508 742 2597; baseline -0.002 -28"><span class='ocrx_word' id='word_1_178' title='bbox 79 2511 163 2575; x_wconf 83' lang='lat' dir='ltr'>semen</span> <span class='ocrx_word' id='word_1_179' title='bbox 182 2538 217 2578; x_wconf 86' lang='lat' dir='ltr'>ue</span> <span class='ocrx_word' id='word_1_180' title='bbox 227 2519 387 2597; x_wconf 84' lang='lat' dir='ltr'>complexis</span> <span class='ocrx_word' id='word_1_181' title='bbox 396 2534 540 2576; x_wconf 88' lang='lat' dir='ltr'>amarum:</span> <span class='ocrx_word' id='word_1_182' title='bbox 555 2514 623 2574; x_wconf 80' lang='lat' dir='ltr'>clim</span> <span class='ocrx_word' id='word_1_183' title='bbox 632 2512 662 2569; x_wconf 91' lang='lat' dir='ltr'>in</span> <span class='ocrx_word' id='word_1_184' title='bbox 674 2508 742 2589; x_wconf 70' lang='lat' dir='ltr'>plu-¹</span> 
     </span>
     <span class='ocr_line' id='line_1_30' title="bbox 80 2537 744 2679; baseline -0.006 -27"><span class='ocrx_word' id='word_1_185' title='bbox 80 2592 146 2653; x_wconf 81' lang='lat' dir='ltr'>ribus</span> <span class='ocrx_word' id='word_1_186' title='bbox 162 2537 268 2658; x_wconf 70' lang='lat' dir='ltr'>demina</span> <span class='ocrx_word' id='word_1_187' title='bbox 287 2598 474 2679; x_wconf 85' lang='lat' dir='ltr'>placeant,in</span> <span class='ocrx_word' id='word_1_188' title='bbox 490 2592 593 2675; x_wconf 67' lang='lat' dir='ltr'>siliqui</span> <span class='ocrx_word' id='word_1_189' title='bbox 607 2589 744 2654; x_wconf 81' lang='lat' dir='ltr'>damnen-</span> 
     </span>
     <span class='ocr_line' id='line_1_31' title="bbox 80 2670 743 2758; baseline -0.009 -22"><span class='ocrx_word' id='word_1_190' title='bbox 80 2684 128 2732; x_wconf 75' lang='lat' dir='ltr'>tur.</span> <span class='ocrx_word' id='word_1_191' title='bbox 142 2675 205 2737; x_wconf 77' lang='lat' dir='ltr'>Alia</span> <span class='ocrx_word' id='word_1_192' title='bbox 225 2680 339 2749; x_wconf 87' lang='lat' dir='ltr'>baccis,</span> <span class='ocrx_word' id='word_1_193' title='bbox 351 2697 471 2758; x_wconf 82' lang='lat' dir='ltr'>quarum</span> <span class='ocrx_word' id='word_1_194' title='bbox 481 2677 558 2734; x_wconf 88' lang='lat' dir='ltr'>intus</span> <span class='ocrx_word' id='word_1_195' title='bbox 568 2672 591 2734; x_wconf 86' lang='lat' dir='ltr'>li</span> <span class='ocrx_word' id='word_1_196' title='bbox 611 2689 698 2742; x_wconf 78' lang='lat' dir='ltr'>num,</span> <span class='ocrx_word' id='word_1_197' title='bbox 710 2670 743 2730; x_wconf 73' lang='lat'>82</span> 
     </span>
     <span class='ocr_line' id='line_1_32' title="bbox 81 2753 827 2834; baseline 0.011 -24"><span class='ocrx_word' id='word_1_198' title='bbox 81 2754 153 2816; x_wconf 75' lang='lat' dir='ltr'>extri</span> <span class='ocrx_word' id='word_1_199' title='bbox 169 2773 255 2834; x_wconf 78' lang='lat' dir='ltr'>caro,</span> <span class='ocrx_word' id='word_1_200' title='bbox 267 2775 299 2828; x_wconf 86' lang='lat' dir='ltr'>ut</span> <span class='ocrx_word' id='word_1_201' title='bbox 318 2758 421 2831; x_wconf 80' lang='lat' dir='ltr'>olivis,</span> <span class='ocrx_word' id='word_1_202' title='bbox 432 2757 548 2820; x_wconf 78' lang='lat' dir='ltr'>cerasis.</span> <span class='ocrx_word' id='word_1_203' title='bbox 609 2753 744 2834; x_wconf 75' lang='lat' dir='ltr'>&#39;quocum</span> <span class='ocrx_word' id='word_1_204' title='bbox 824 2763 827 2770; x_wconf 87' lang='grc'><strong>’</strong></span> 
     </span>
    </p>
   </div>
   <div class='ocr_carea' id='block_1_3' title="bbox 0 0 1018 3575">
    <p class='ocr_par' dir='ltr' id='par_1_3' title="bbox 0 0 1018 3575">
     <span class='ocr_line' id='line_1_33' title="bbox 0 0 1018 3575; baseline 0 0"><span class='ocrx_word' id='word_1_205' title='bbox 0 0 1018 3575; x_wconf 95' lang='lat' dir='ltr'> </span> 
     </span>
    </p>
   </div>
  </div>
 </body>
</html>
