1975 3575
124 1146 127 1152 ’
245 1145 329 1206 causa
352 1144 394 1205 est
412 1146 547 1204 nominis.
564 1142 678 1221 Quarta
696 1141 852 1204 audoritas

248 303 291 401 56
333 300 804 370 ἂΡιιΝιιΝΑτυπ.

244 423 343 481 eitum
367 418 452 479 arbor
468 419 500 477 in
521 414 621 477 Chotal
641 415 696 478 esle
714 416 840 477 traditur
852 438 863 478 τ
876 431 930 477 una
968 433 969 490 ζ

243 501 279 563 &
288 499 469 583 syagrorum.
481 498 648 580 Mirumque
669 499 706 558 de
719 497 754 557 ed
763 500 931 579 accepimus

244 601 313 642 cum
332 582 467 662 phoenice
486 600 557 652 ave,
575 600 637 660 quae
653 595 770 659 putatur
791 598 831 639 ex
847 576 929 658 hujus

243 662 349 744 palmae
359 678 526 744 argumento
535 680 644 719 nomen
653 656 809 739 accepille,
824 661 928 720 iterum
967 669 969 726 t

243 746 321 804 mori
337 765 370 804 ac
391 740 497 803 renasci
519 761 556 801 ex
573 738 610 800 se‘
633 739 684 801 sd:
703 756 847 821 eratque,
867 741 928 800 curn
968 733 969 806 l

244 823 307 885 ltaec
316 823 486 905 proderem,
495 761 844 902 fertilisllpsumpomum
856 840 929 903 gran·

244 905 301 979 de,
320 906 446 975 durum,
462 902 614 963 horridum
628 947 641 974 ,
665 903 729 963 &a
749 904 858 962 cereris
899 920 929 960 e·

245 986 361 1047 neribus
380 984 483 1046 distans
505 981 605 1065 sapore
625 983 739 1053 ferino,
760 1003 853 1063 quern
877 921 929 1041 der·

244 1087 295 1128 me
323 1070 352 1127 in
379 1068 454 1147 apris
473 1067 635 1125 novimus:
653 1061 928 1202 evidentissimdpue

883 1161 927 1201 an·

244 1226 391 1299 dalidunr,
404 1246 421 1285 a
438 1224 624 1285 similitudine
635 1224 856 1305 appellatorum.
867 1223 937 1298 lan·

245 1307 277 1370 in
289 1305 443 1392 AEthiopiae
465 1303 524 1366 fine
544 1307 670 1388 quinque
683 1325 783 1365 earum
802 1326 859 1366 nec
872 1302 927 1384 plu·

247 1408 294 1449 res
312 1389 430 1449 arbores
449 1387 583 1457 tradunt,
604 1407 664 1447 non
683 1387 801 1448 raritate
826 1385 927 1467 magis,

246 1468 336 1553 qudtn
352 1466 490 1529 suavitate
507 1466 664 1527 mirabiles.

290 1547 340 1609 Ab
359 1548 403 1608 his
422 1563 550 1628 caryotae
578 1546 702 1607 maximi
731 1546 927 1614 celebranturi

247 1627 365 1691 &cibo
386 1628 527 1709 quidem,
545 1625 594 1688 sed
614 1629 647 1689 δι
664 1627 750 1688 succo
767 1627 926 1690 uberrima.

247 1708 293 1770 Ex
303 1708 413 1806 'quibus
431 1710 576 1791 praecipua
594 1710 662 1768 vina
681 1707 820 1783 Orienti,
837 1711 926 1801 iniqua

246 1788 927 1952 lllltlllilllss,lllzlidlliuidlss

248 1971 304 2012 nec
312 1952 343 2011 in
351 1950 429 2026 toti,
437 1950 487 2029 sed
498 1952 666 2015 Hiericunte
675 1952 812 2012 maxime.
824 1951 926 2032 Quam·

248 2052 334 2113 quarn
347 2032 467 2129 laudatae
480 2035 513 2095 dt
522 2032 712 2129 Arcltelaide‚
724 2034 757 2094 δι
768 2030 925 2122 Phaselide,

248 2109 926 2277 llllollllzntissljsfilllzlgl‘llll

249 2275 346 2336 tibus:
364 2275 549 2359 quodamque
575 2278 636 2338 vini
663 2274 763 2358 sapore
788 2277 818 2335 in
845 2269 924 2334 melle

248 2356 397 2498 predulci.
421 2355 562 2419 Siceiores
582 2358 612 2416 in
629 2356 686 2417 hoc
711 2375 816 2438 genere
838 2354 926 2417 Nico·

262 2458 305 2510 ar,
321 2436 371 2497 sed
395 2437 591 2518 amplitudinis
611 2439 697 2518 praeci
719 2458 784 2509 uae,
801 2430 924 2520 quaterni

250 2517 416 2579 cubitorum
435 2517 484 2577 lon
506 2517 645 2578 itudinem
664 2538 680 2579 e
714 2519 802 2578 ciunt.
832 2514 925 2577 Minus

249 2595 402 2680 speciosa,
421 2594 470 2658 sed
485 2538 589 2678 lapore
606 2602 790 2681 caryotarum
802 2596 925 2663 sorores,

250 2678 291 2740 ob
306 2677 362 2739 hoc
376 2677 558 2759 Adelphides
580 2679 677 2753 dittae,
696 2680 857 2761 proximam
868 2674 924 2734 sua·

251 2759 373 2819 vitatem
384 2758 510 2832 habent,
522 2780 581 2820 non
593 2777 690 2822 tamen
704 2759 847 2821 eamdem.
859 2753 925 2815 Ter·

250 2838 325 2901 tiunt
340 2859 375 2902 ex
391 2838 436 2902 his
454 2859 546 2925 genus
564 2857 687 2925 paterae,
707 2841 797 2904 nimio
819 2840 925 2921 liquore.
965 2828 968 2965 ἱ

965 3028 968 3095 l
