1975 3575
234 276 288 352 94
337 250 374 320 C.
396 249 577 318 Pnrnrr
602 243 797 314 Nnrun.

233 394 269 433 ra
289 369 389 431 transit
406 366 577 427 indulcem
610 361 752 425 vetustate
769 385 777 424 ε
800 360 831 424 ἃ
849 384 933 446 quat

232 451 329 513 dulcis
342 450 452 521 fuit‚in
469 445 678 507 austeritatem:
690 461 758 504 tunc
769 442 932 506 Albanum·

232 535 337 593 vinum
356 531 534 591 aemulantur.
557 525 691 587 Tradunt
708 527 815 585 vesicae
836 528 923 587 vitiis

231 613 421 673 utilissimum
436 631 472 670 ex
492 609 538 668 his
557 622 670 688 potum.
692 603 826 665 Albuelis
843 604 926 677 sume

233 696 291 756 mis
316 692 465 767 arboribus
494 684 704 760 fertiliorest,
730 685 821 746 visula
841 688 929 748 imis..

237 773 445 853 Quamobrem
465 771 542 830 circa
567 765 680 828 easdem
703 765 771 826 satae
792 767 922 828 diversi-

233 872 296 916 tate
315 870 422 915 naturae
442 850 629 932 locupletant.
649 846 857 908 Inerticulame
870 851 922 908 ni-

236 939 295 1018 gris
314 934 515 1017 appellavere,
528 928 628 1010 justius
654 927 778 988 sobriam
796 927 920 1001 diduri,

235 1020 401 1077 inveterato
427 1012 570 1094 praecipue
592 1009 856 1085 commendabilem
875 1012 922 1071 vi·

236 1119 278 1157 no
288 1141 298 1170 ‚
310 1095 359 1156 sed
369 1096 477 1154 viribus
488 1093 634 1160 innoxiam
645 1112 653 1151 ε
664 1089 810 1170 siquidem
828 1108 920 1152 temu-

238 1178 359 1237 lentiam
375 1173 436 1234 sola
452 1194 512 1232 non
530 1171 608 1232 facit.

278 1256 420 1318 Fertilitas
439 1251 625 1314 commendat
652 1266 786 1326 ceteras,
811 1253 922 1334 princi·

234 1357 366 1422 pemque
386 1335 596 1397 helvenaicam.
618 1330 690 1393 Duo
715 1332 778 1413 ejus
795 1353 918 1416 genera:

236 1415 826 1500 major,quamquidamlongam:minor,
872 1434 920 1474 am

239 1519 386 1559 emarcum
406 1495 572 1578 appellant,
587 1515 648 1555 non
664 1512 725 1554 tam
746 1492 834 1556 secun
856 1516 919 1568 am,

236 1579 289 1638 sed
320 1580 474 1660 gratiorem
498 1573 618 1636 haustu..
636 1573 814 1636 Discemitur
846 1575 920 1636 folio

235 1660 376 1719 circinato
388 1679 395 1718 :
407 1659 513 1718 verum
533 1672 653 1737 utraque
671 1657 791 1738 gracilis.
814 1655 919 1717 Furcas

236 1739 361 1806 subdere
381 1739 425 1799 liis
451 1735 656 1800 neceffarium:
674 1737 781 1820 alioqui
805 1738 920 1799 uberta·

239 1838 304 1881 tem
321 1819 399 1881 suam
419 1841 482 1880 non
503 1819 647 1880 tolerant:
665 1821 810 1880 maritimo
832 1820 919 1880 adlla-

237 1917 271 1961 tu
291 1900 434 1982 gaudent,
454 1898 567 1962 roscida
584 1900 688 1961 odere.
710 1899 798 1960 Nulla
816 1902 919 1962 virium

239 1984 336 2044 minus
357 1980 467 2041 ltaliam
484 1997 580 2053 amat,
592 2001 671 2052 rara,
688 2002 796 2062 parva,
814 1979 922 2063 putres·

240 2083 311 2123 cens
331 2063 361 2122 in
381 2062 432 2122 eal:
449 2063 520 2124 vino
550 2082 684 2143 quoque,
701 2063 781 2144 quod
800 2066 919 2145 genuit,

237 2141 367 2204 testatem
385 2165 446 2204 non
466 2141 520 2202 ens
556 2161 655 2203 erens:
676 2163 730 2203 nec
749 2143 803 2202 alia
819 2161 919 2204 macro

188 2287 189 2292 ,
238 2223 302 2284 solo
323 2222 497 2285 familiarior.
560 2226 708 2297 raecinus,
733 2226 783 2306 qui
811 2225 920 2308 alioqui

236 2303 412 2372 Cornelium
427 2303 545 2366 Celsum
565 2303 776 2385 transscripsit,
802 2306 921 2366 arbitra*

237 2403 287 2448 tur
304 2408 364 2462 non
384 2404 513 2447 naturam
535 2383 596 2463 ejus
621 2405 781 2469 repugnare
810 2385 919 2460 Italia,

239 2465 291 2527 sed
311 2468 469 2535 culturam,
488 2465 573 2525 avide
584 2466 715 2548 palmites
724 2471 920 2528 evocantium.

236 2545 292 2609 ob
312 2547 343 2607 id
360 2545 536 2607 fernlitatem
557 2544 634 2606 suam
667 2545 797 2620 absumi,
815 2551 841 2609 si
861 2568 919 2610 non

237 2625 921 2794 l{ffl'lllltlsslllllnllssllglllll

235 2789 265 2874 ..si
283 2807 386 2850 verum
405 2786 467 2866 est,
480 2788 576 2872 aliqua
587 2792 617 2850 in
630 2791 692 2854 vite
704 2791 778 2854 caelo
788 2812 852 2855 non
864 2788 917 2856 effe

236 2884 294 2946 pus.
