1975 3575
221 275 430 353 Hrsron.
450 279 523 353 Lib.
541 281 657 367 xvlu
708 309 775 383 3²3

96 420 157 484 que
177 400 269 460 altiles
288 397 370 460 fiunt.
385 397 515 460 Maxim&
531 417 624 462 autem
639 401 779 469 arborum

96 485 157 547 hoc
172 480 296 542 sentiunt
317 482 390 563 piri,
403 481 486 554 mali,
505 478 568 542 fici:
580 484 671 543 minius
679 528 690 556 ,
710 507 778 567 qum

96 583 203 623 amarae
221 560 285 621 sunt
303 563 336 623 δι
354 561 492 622 odoratae.
516 559 625 622 Eorum
639 567 688 645 qui
703 566 732 626 in
743 564 778 627 fi.

96 646 138 707 cis
155 640 311 715 exsistunt,
324 642 371 702 alii
385 639 537 702 nascuntur
552 662 591 703 ex
606 643 693 725 ipsis:
705 646 777 709 alios

97 726 192 805 parit,
208 724 259 804 qui
276 740 398 785 vocatur
407 722 549 784 cerastes:
567 742 671 785 omnes
681 741 779 790 tamen

96 807 127 864 in
151 803 282 869 cerasten
310 802 660 899 figmentum-sonumque
687 804 778 869 edunt

30 942 35 951 ,
97 886 213 966 paruuli
230 882 366 946 stridons.
385 882 422 945 Et
438 884 536 945 sorbus
547 884 645 946 arbor
664 883 780 948 infesta·

96 983 144 1027 tur
164 965 334 1028 vermiculis
356 963 443 1036 rufis,
462 966 496 1025 lic
512 963 626 1045 pilosis,
644 968 783 1045 atqueita'

97 1048 251 1108 emoritur.
266 1044 405 1126 Mespilus
420 1065 537 1127 quoque
553 1047 584 1106 in
597 1043 708 1109 seneili
724 1046 781 1118 oba
861 1118 863 1121 v

83 1129 187 1191 noxia
204 1128 234 1185 ei
249 1127 354 1213 mprbo
375 1123 426 1187 est.

134 1207 282 1269 Sideratio
293 1223 354 1267 tota
366 1226 383 1268 e
394 1206 468 1269 caelo
482 1206 603 1268 constat.
619 1206 779 1290 Quapropi

97 1303 139 1350 ter
155 1289 193 1350 &
211 1287 324 1371 grando
333 1290 364 1346 in
375 1287 419 1347 his
431 1289 522 1349 causis
536 1287 657 1369 intelligi
670 1288 778 1351 debetz

97 1370 128 1430 dt
142 1368 383 1440 carbunculatio,
402 1370 436 1429 δι
454 1367 535 1450 quod
554 1369 719 1448 pruinarum
734 1371 781 1429 in·

96 1445 168 1528 jurii
188 1451 297 1511 evenit.
318 1449 389 1509 Haec
406 1450 484 1509 enim
503 1468 597 1510 verno
618 1466 721 1529 tepore
732 1451 779 1509 in·

97 1531 216 1602 vitatis,
235 1531 268 1592 &
285 1549 437 1610 erumpere
448 1529 617 1590 audentibus
630 1528 693 1591 satis
704 1530 780 1590 mol-

96 1609 170 1673 libus
187 1610 340 1685 insidens,
359 1610 451 1670 adurit
471 1608 653 1671 ladescentes
667 1613 781 1693 germi-

97 1712 167 1753 num
197 1690 321 1762 oculos,
341 1691 421 1774 quod
438 1692 468 1749 in
485 1690 558 1763 flore
575 1691 782 1756 carbunculum

96 1773 217 1840 vocant.
237 1771 346 1833 Pruinae
365 1773 555 1854 perniciosior
567 1791 688 1849 natura,
705 1795 780 1856 quo·

96 1857 174 1920 niam
196 1852 272 1936 lapsa
290 1853 432 1935 persidet,
442 1854 592 1936 gelatque,
606 1876 639 1916 ac
655 1875 694 1915 ne
710 1854 781 1916 auri

98 1936 221 2015 quidem
244 1933 301 1993 ulla
315 1934 488 2013 depellitur,
508 1936 575 2073 eppia
596 1955 657 1995 non
678 1934 711 1996 fit
723 1937 786 2010 nisi

96 2017 230 2078 immoto.
245 2032 311 2079 aere
330 2015 362 2074 ὃ(
381 2013 490 2074 sereno.
540 2017 668 2094 roprium
682 2030 781 2076 tamen

99 2097 281 2160 siderationis
304 2092 362 2166 est,
381 2092 432 2155 sub
446 2110 512 2155 ortu
522 2090 611 2153 Canis
621 2096 782 2162 siccitatum

98 2196 216 2258 uapor,
244 2176 311 2232 cum
340 2174 425 2233 insita
451 2194 485 2232 ac
511 2174 636 2246 novellae
665 2176 783 2235 arbores

98 2260 277 2323 moriuntur,
295 2251 439 2333 praecipue
459 2250 548 2324 ficus,
562 2254 595 2314 δι
612 2252 788 2326 vites.Olea

99 2356 206 2418 praeter
216 2332 504 2403 vermiculationem,
517 2352 604 2412 quam
612 2333 694 2415 aeque
706 2355 739 2394 ac
752 2332 785 2393 fi·

99 2438 149 2479 cus
173 2415 276 2487 sentit,
295 2414 413 2475 clavum
428 2415 642 2493 etiampatitur,
653 2413 785 2477 sivefun-

138 2521 172 2559 m
189 2496 285 2580 placet
304 2496 388 2567 dici,
408 2494 457 2557 vel
480 2494 628 2574 patellam.
649 2492 721 2554 Haec
743 2493 785 2556 est

141 2580 179 2639 lis
199 2574 322 2640 exustio.
343 2574 459 2638 Nocere
476 2575 562 2638 tradit
582 2572 789 2645 Cato&mus·,

103 2678 171 2720 cum
180 2658 312 2719 rubrum.
325 2657 425 2719 Nocet
460 2656 610 2739 letumque
624 2654 732 2718 vitibus
744 2673 786 2717 at-

103 2760 161 2820 que
180 2740 253 2801 oleis
271 2740 408 2802 &nimia
438 2737 563 2799 ettilitas.
576 2735 692 2799 Scabies
702 2758 788 2818 copis
813 2741 818 2754 ‘

58 2871 61 2879 l
106 2839 199 2917 miuus
220 2820 350 2884 omnium
367 2818 419 2884 est.
439 2817 781 2981 mpedgo‚gtguaead·
