1975 3575
237 262 318 335 ‚392
363 237 632 306 chricti
658 232 851 304 Narnn.

246 358 317 417 tulos
326 381 338 426 ·‚
352 353 434 436 quod
445 374 536 436 genus
544 368 651 414 vocant
663 351 840 432 plautnotati.
850 348 906 413 Cus-

242 440 288 517 pis
308 433 437 517 effigiem
449 433 532 514 palae
553 432 650 492 habet.
678 431 781 493 Serunt
799 434 834 492 ita
855 453 903 490 non

243 517 300 575 nisi
313 516 390 580 culti
402 517 494 587 terri,
507 514 539 588 bc
556 512 617 586 sere
625 513 716 573 novi.
726 512 903 574 Latitudoro·

243 589 341 656 meris'
355 591 474 677 cespites
492 591 595 655 versat.
615 591 724 654 Semen
735 596 854 673 protinus
867 596 903 650 in·

242 674 370 757 jiciunt,
385 675 539 756 ‚cratesque
566 675 696 734 dentatas
719 673 902 754 supertrahunt.

244 757 313 818 Nec
325 757 464 817 sarrienda
471 754 535 814 sunt
545 754 602 816 hoc
611 754 703 815 modo
716 753 781 815 sata.
791 751 843 813 Sed
852 772 903 833 pro·

230 838 313 904 ,telis
329 839 405 897 binis
424 834 565 916 ternisque
586 837 627 894 sic
645 852 734 896 arant.
753 834 818 904 Uno
828 835 900 893 boun

244 915 317 1000 jugo
336 916 444 979 censeri
465 937 540 976 anno
563 912 653 975 facilis
673 914 730 976 soli.
749 914 901 997 quadragena

246 997 367 1079 jugera,
384 995 509 1058 difficilis
529 997 654 1071 tricena,
667 993 773 1075 justum
792 992 835 1054 est.

289 1077 397 1139 XLIX.
419 1073 740 1160 rplnmndomagno
762 1073 901 1136 ereserttn·

232 1158 319 1227 *dum
330 1158 370 1219 est
377 1155 499 1220 Catonis
510 1155 659 1218 oraculum
671 1179 678 1217 z
695 1179 714 1212 ιι
756 1155 801 1216 uid
811 1152 844 1215 est
853 1152 901 1232 pn‘·

244 1262 268 1299 ω
283 1238 383 1304 munt?
403 1240 516 1322 Agrum
525 1237 601 1298 bene
616 1237 724 1299 colere.
771 1237 814 1296 uid
822 1233 902 1294 secun·

235 1344 269 1392 ¹n
282 1320 373 1382 dum?
393 1319 472 1381 Bene
491 1340 581 1380 arare.
603 1315 688 1397 Quid
701 1314 827 1379 tertium?
838 1312 902 1374 Stet·

247 1426 268 1480 ³?
281 1421 389 1461 conare.
409 1397 495 1461 Sulco
513 1400 596 1460 vatio
614 1420 651 1459 ne
669 1420 745 1460 ares.
760 1391 902 1476 Tempesti-

246 1504 269 1542 ι)
282 1482 320 1543 ve
347 1501 408 1542 ates
420 1506 448 1542 n.
477 1478 682 1562 Tepidiotibus
702 1481 773 1540 locis
787 1500 802 1537 a
816 1472 901 1535 bruni

244 1561 391 1643 proscindi
406 1582 475 1621 arva
495 1576 639 1641 oportet:
665 1557 845 1643 frigidioribus
869 1553 901 1612 ab

244 1640 419 1721 aequinoeiio
442 1661 546 1702 verno.
568 1638 605 1701 Et
622 1643 760 1700 maturius
778 1636 839 1698 sicc*
858 1653 900 1693 re-

244 1722 352 1802 gione,
373 1720 459 1805 quim
477 1720 605 1782 humidi.
620 1720 761 1781 Maturius
772 1721 805 1780 de
856 1732 901 1773 ter·

243 1801 293 1873 td,
309 1801 397 1883 quint
410 1800 520 1874 soluti,
531 1804 629 1885 pingui
646 1801 734 1883 quint
749 1800 842 1863 macri.
850 1795 899 1855 Ubi

243 1883 330 1941 siccae
348 1884 380 1943 &
398 1901 502 1963 graves
521 1881 648 1955 aestates,
665 1900 742 1943 terra
758 1876 854 1943 cretosa
861 1891 901 1935 aut

243 1960 376 2047 gracilis,
391 1961 486 2022 utilius
507 1964 581 2022 inter
600 1961 749 2024 solstitium
765 1965 796 2024 ὃ(
808 1975 902 2021 autum·

244 2046 276 2103 ni
296 2041 498 2126 aequinocbium
521 2062 622 2103 aratur.
643 2043 704 2104 Ubi
722 2045 801 2105 leves
819 2037 903 2108 estus,

244 2123 413 2206 frequentes
435 2123 564 2194 imbres,
585 2126 691 2206 pingue
712 2121 903 2200 herbosumque

243 2203 358 2277 solum,
377 2204 416 2264 ibi
429 2204 531 2267 mediis
543 2203 695 2266 caloribus.
708 2204 805 2266 Altum
816 2204 845 2265 u
855 2218 906 2282 gn·

244 2302 285 2345 ve
304 2284 398 2345 solum
409 2283 498 2345 ¹etiutn
510 2285 606 2345 hietne
618 2287 734 2349 moveri
753 2285 856 2368 placet:
868 2296 906 2339 te·

243 2387 302 2428 nuc
322 2365 408 2427 valde
425 2364 691 2446 &aridum-paulo
701 2364 907 2427 antesationern.

285 2444 358 2515 Sunt
375 2446 408 2507 δι
427 2445 473 2505 hic
490 2444 547 2507 suae
563 2444 659 2528 leges:
678 2469 697 2502 α
708 2444 838 2507 Lutosam
856 2459 909 2501 ter·

242 2548 265 2586 n
277 2548 339 2587 rant
359 2541 407 2586 ne·
418 2527 539 2608 tangito.
560 2525 600 2586 Vi
618 2529 699 2586 omni
719 2544 818 2587 arato:
840 2522 909 2603 pri&

214 2610 217 2613 ’
243 2630 265 2667 n
278 2606 363 2687 quim
382 2606 465 2677 ures,
482 2604 660 2686 proscindito
672 2631 701 2668 n.
726 2607 793 2668 Hoc
818 2603 911 2663 utitin-

205 2745 210 2750 .
243 2686 424 2761 remvhabet,
446 2686 526 2768 qubd
550 2685 665 2748 inverso
691 2686 798 2769 cespite
817 2683 912 2745 herba·

244 2787 308 2846 runt
326 2767 435 2830 radices
452 2783 598 2831 necantur.
619 2764 751 2848 Quidam
768 2767 866 2850 utique
883 2761 913 2823 ab
