1975 3575
229 297 481 370 ·Hrsrort.
500 300 573 371 Lib.
600 299 680 373 XII.
736 324 778 395 31

86 414 246 491 laudatur,
265 437 351 501 atque
377 422 467 482 etiam
492 422 605 482 varium
626 420 782 500 praeferunt

93 499 234 561 candido.
254 497 423 561 Certissima
445 518 544 562 tamen
565 499 712 563 aestimatio
739 522 779 564 ne

95 584 132 641 sit
154 578 308 654 scabrum,
330 598 416 663 atque
440 599 473 641 ut
494 585 570 642 inter
600 581 658 643 sese
679 585 779 644 tritum

92 661 177 722 tarde
199 659 311 722 frietur.
340 661 543 723 Damnaturin
556 664 656 744 primis
668 665 777 740 molle,

90 760 145 804 aut
171 745 218 802 cui
238 740 342 803 labitur
356 762 466 805 cortex.

133 821 187 882 Jus
206 820 298 902 ejusa
317 821 527 885 Gebanitarum
543 845 612 909 rege
630 823 692 886 solo
731 846 780 886 ro·

91 900 251 964 ficiscitur:
267 906 290 963 is
312 903 405 965 edicto
422 924 552 966 mercatu
578 906 690 968 vendit.
711 847 781 966 Ere·

89 986 135 1043 tia
151 984 300 1067 quondam
319 982 400 1047 fuere
414 988 444 1046 in
456 987 543 1046 libras
553 986 702 1047 denarium
714 986 779 1046 mil·

89 1065 142 1126 lia.
160 1063 287 1127 Antium
306 1066 337 1125 id
358 1085 440 1148 parte
459 1067 579 1127 dimittit
599 1065 661 1141 est,
680 1070 780 1128 incen-

88 1148 153 1220 sis,
173 1163 205 1207 ut
225 1145 341 1218 ferunt,
358 1146 436 1208 silvis
457 1149 499 1209 ira
523 1147 720 1210 barbarorum.
744 1147 779 1209 Id

88 1227 232 1288 acciderit
245 1227 286 1287 ob
299 1230 478 1310 iniquitatem
489 1232 712 1311 praepotentium
722 1275 731 1303 ‚
740 1252 778 1291 an

89 1306 173 1369 forte
182 1352 193 1381 ,
213 1329 273 1371 non
292 1307 356 1369 satis
372 1307 492 1382 constat.
516 1309 637 1372 Austros
663 1311 704 1370 ibi
718 1328 778 1386 tam

87 1389 230 1450 ardentes
253 1390 343 1464 flare,
361 1407 393 1450 ut
414 1388 558 1450 aestatibus
575 1391 662 1450 silvas
677 1412 779 1451 aecem

87 1470 183 1542 dant,
199 1472 363 1531 invenimus
385 1471 462 1553 apud
481 1469 620 1532 truciores.
644 1468 778 1531 Coronas

89 1572 132 1611 ex
150 1555 285 1612 cinnamo
305 1552 455 1612 interrasili
472 1573 544 1613 auro
564 1550 704 1625 inclusas,
720 1554 778 1636 pri·

90 1652 160 1692 mus
186 1635 318 1693 omnium
341 1634 371 1691 in
393 1632 509 1714 templis
532 1630 670 1714 Capitolii
689 1653 718 1694 at
739 1654 776 1695 ue

90 1711 176 1773 Pacis
203 1713 310 1773 dicavit
330 1715 487 1797 imperaror
506 1712 697 1797 Vespasianus
714 1655 777 1775 iu·

92 1792 202 1875 gustus.
224 1794 363 1856 Radicem
382 1794 444 1877 ejus
461 1798 558 1879 magni
578 1797 716 1879 ponderis
732 1799 777 1857 vi·
829 1844 843 1858 t

92 1877 192 1936 dimus
212 1877 242 1936 in
258 1875 354 1958 palatii
372 1895 432 1939 tem
455 1878 504 1951 Io,
537 1878 597 1939 uod
613 1877 724 1940 fecerat
738 1878 777 1939 di·

91 1978 137 2017 vo
152 1956 285 2039 Augusto
302 1956 409 2038 conjux
425 1899 571 2042 Xugufla,
583 1980 677 2019 auteae
695 1976 776 2041 pate·

93 2059 136 2097 rae
159 2039 341 2120 impositam:
357 2060 393 2100 ex
410 2040 466 2120 qua
484 2058 570 2121 guttae
588 2041 673 2101 edirae
693 2042 775 2107 annis

90 2121 229 2179 omnibus
249 2123 383 2204 ingrana
408 2122 603 2193 durabantur,
623 2122 718 2183 donec
743 2121 775 2187 id

90 2198 248 2260 delubrum
264 2201 399 2261 incendio
418 2200 619 2283 consumptum
632 2201 683 2263 est.

132 2279 240 2343 XLIII.
268 2281 376 2342 Fruterr
393 2281 426 2340 &
452 2284 527 2341 casia
549 2279 613 2355 est,
636 2281 776 2363 juxtaque

90 2362 216 2422 cinnami
239 2383 359 2444 campos
380 2358 524 2421 nascitur:
546 2358 595 2420 sed
617 2362 647 2420 in
668 2363 777 2421 monti·

90 2442 147 2502 bus
159 2447 298 2506 crassiore
310 2442 472 2517 sarmento,
488 2443 569 2504 tenui
586 2458 651 2501 tute
662 2443 774 2513 verius,

89 2523 178 2604 quam
194 2528 320 2597 cortice,
338 2544 426 2606 quem
445 2523 547 2584 contra
567 2539 655 2605 atque
676 2526 705 2583 in
717 2526 776 2584 ciu-

89 2625 196 2681 uamo‚
209 2607 302 2667 levati
316 2606 349 2666 &
361 2606 498 2664 exinaniri
508 2607 630 2687 pretium
640 2604 691 2665 est.
703 2603 775 2665 Am·

89 2684 200 2766 plitudo
217 2688 317 2748 frutici
334 2687 421 2744 trium
435 2686 606 2746 cubitorum.
620 2683 712 2746 Color
724 2689 775 2747 tri·

90 2763 164 2845 plex.
185 2768 267 2830 Cirm
294 2767 421 2846 primitur
438 2770 562 2841 emicat,
574 2767 787 2850 candIduspe·‘

88 2845 144 2910 dui
164 2847 320 2913 mensuri:
338 2846 406 2907 dein
421 2846 544 2910 rubescit
570 2847 668 2908 addito
692 2847 775 2912 semi·

581 2929 654 2991 Birt
