1975 3575
231 205 299 282 208
352 155 597 277 ssPzrrtrr
626 204 823 298 Narra.

229 330 272 388 rix
280 326 372 408 scopis
383 326 494 386 tantum
510 321 899 407 nascens,populus,alnut;

188 471 191 476 ,
229 409 324 468 ulmus
343 406 463 479 Atinia,
482 405 620 465 alaternus
638 448 652 475 ,
677 409 724 466 cui
744 405 813 467 folia
832 409 898 467 inter

227 488 322 548 ilicem
342 489 375 565 dt
398 486 518 549 olivam.
540 482 675 546 Infelices
693 503 792 547 autem
810 486 899 548 existi·

227 586 366 641 urantur,
389 566 586 647 damnataeque
609 566 765 648 religione,
801 587 900 628 uaeut·

229 669 289 730 que
309 646 438 713 seruntur
452 666 607 729 umquam,
625 667 720 728 neque
735 588 853 708 surdum
863 646 900 708 fe·

229 745 306 791 runt.
332 726 495 790 Cremutius
516 725 613 787 audior
631 725 900 810 est,numquamvi·

231 830 297 872 rere
315 810 467 880 arborem,
489 829 525 868 ex
546 809 603 889 qud
619 807 732 889 Phyllis
749 807 778 870 se
799 807 900 890 suspeu-

233 891 317 952 derit.
332 889 411 971 Quae
431 890 542 972 gummi
558 893 691 971 gignunt,
718 888 784 969 post
804 891 900 971 germi-

231 974 380 1035 nationem
408 973 573 1053 apetiuntur
593 992 603 1030 ι
623 973 734 1051 gummi
759 972 831 1033 vero
849 990 900 1030 non

232 1055 286 1114 nisi
302 1052 394 1113 frudiu
408 1050 538 1113 detradlo
556 1047 692 1132 spissatur.

274 1132 381 1194 XLVI.
401 1132 539 1194 Novella
561 1130 679 1192 arbores
705 1148 804 1193 carent
820 1129 900 1193 frudu

231 1215 369 1296 quamdiu
390 1212 530 1273 crescunt.
554 1211 680 1274 Perdunt
702 1211 836 1274 facillime
856 1233 900 1273 au·

232 1311 263 1355 te
281 1297 498 1367 maturitatem,
509 1293 621 1376 palma,
633 1291 721 1369 ficus,
737 1293 899 1377 amygdala,
935 1327 937 1333 ·

233 1375 325 1437 malus
340 1422 349 1450 ‚
362 1379 454 1457 pirus:
474 1379 545 1436 item
558 1374 680 1449 Punica,
690 1396 756 1456 quae
768 1377 850 1435 etiam
860 1395 900 1433 to·
962 1448 963 1453 ἵ

234 1456 313 1517 ribus
323 1456 416 1517 nimiis
429 1457 462 1518 dt
494 1455 693 1517 ruinisflorem
702 1458 815 1517 amittit.
840 1453 900 1533 Qui
962 1464 963 1469 ’

235 1536 274 1596 de
297 1538 381 1599 causti
398 1537 463 1597 infle
512 1555 649 1597 utramos
661 1534 788 1616 ejus‚ne
799 1533 901 1597 subreffi

236 1617 389 1679 humorem
404 1615 538 1678 infestum
558 1620 620 1678 exti
642 1619 719 1693 iant,
741 1635 825 1700 atque
844 1636 902 1678 con·

236 1700 353 1763 tineant.
373 1698 452 1761 Pirus
470 1701 504 1760 ὃ(
524 1640 700 1780 amygdala,
723 1701 902 1761 etiamsinon

258 1778 333 1850 luat,
351 1777 400 1842 sed
416 1776 465 1839 fiat
484 1777 652 1841 Austrinum
668 1780 772 1841 caelum
782 1824 792 1854 ,
803 1799 848 1840 aut
857 1798 903 1838 nu-
963 1837 964 1854 ζ

235 1800 346 1934 iilum,
359 1861 493 1921 amittunt
513 1861 619 1921 florem
630 1863 662 1923 &
675 1862 787 1941 primos
796 1859 903 1929 stulius,
963 1873 964 1928 l

238 1941 276 2012 si,
288 1942 354 2001 cirm
366 1940 625 2014 defloruete‚tales
635 1942 697 2002 dies
708 1940 823 2003 fuerint.
835 1940 905 2002 Otit-
963 1942 964 2012 l

238 2022 312 2082 sime
331 2040 429 2086 autem
446 2021 513 2082 salix
525 2025 627 2083 amittit
639 2021 903 2103 semen,antequaut
963 2029 964 2038 ’

238 2106 361 2163 omnino
388 2106 582 2163 maturitatem
608 2101 729 2178 sentiat,
744 2103 787 2164 ob
799 2103 827 2162 id
844 2098 905 2161 dida
963 2111 964 2168 ζ

238 2182 374 2245 Homero
398 2184 563 2266 frugiperda
579 2182 695 2246 :secuta
727 2202 796 2245 aetas
812 2182 904 2243 scelere
963 2173 964 2244 Ϊ

240 2262 292 2325 suo
307 2266 492 2345 interpretata
503 2263 544 2325 est
553 2266 626 2327 lianc
637 2264 904 2345 sententiamque

241 2345 282 2405 do
295 2342 392 2406 semen
412 2345 501 2406 salicis
517 2346 631 2406 mulieri
651 2345 805 2407 sterilitatis
826 2342 905 2406 medi·
963 2347 964 2356 ’

243 2444 406 2487 ramentum
421 2426 478 2486 elle
498 2425 617 2488 constat.
632 2424 691 2487 Sed
712 2429 745 2486 in
766 2426 821 2487 hoc
843 2442 905 2506 quo·

264 2525 300 2566 ue
344 2507 480 2567 rovidens
504 2524 622 2581 natura,
640 2506 723 2572 facile
736 2501 906 2577 nascenti‚&

242 2526 364 2666 depado
385 2585 520 2660 surculo,
541 2590 711 2649 incuriosius
722 2586 820 2648 semen
829 2581 906 2645 dedit.

204 2703 207 2711 ι
243 2664 310 2725 Una
327 2684 423 2730 tamen
447 2669 577 2749 proditur
596 2668 633 2728 ad
650 2671 838 2736 maturitatem
867 2682 908 2721 er·

161 2747 164 2756 “
242 2743 317 2808 ferre
337 2746 440 2822 solita,
458 2752 488 2810 in
511 2747 599 2811 (laeti
612 2746 715 2822 insule,
731 2686 909 2830 ipsodedem
