1975 3575
201 278 430 352 nrrroa.
454 243 638 390 Linxlrl.
693 306 742 378 49

42 416 115 475 tur,
134 399 250 462 constat
263 401 476 482 myrobalano,
488 399 570 474 costo
579 446 589 479 ,
599 421 718 465 amomo
728 417 742 481 ,·

46 486 191 544 cinnamo
206 503 348 554 comaco,
368 483 576 555 cardamomo,
595 484 702 545 nardis
718 487 741 546 i·

46 564 105 638 ca,
123 584 208 624 maro
220 608 229 636 ,
240 563 380 644 myrrha,
398 564 477 623 casii
487 607 498 636 ,
519 561 647 646 styrace,
660 508 741 631 lada-

47 666 113 715 no,
132 642 344 725 opobalsamo,
361 644 492 717 calamo,
514 642 622 725 junco,
639 666 740 708 oenan-

46 726 99 786 the
111 724 314 800 ,malobathro
325 767 337 800 -,
353 722 495 785 serichato
506 768 517 797 ,
531 745 646 808 cypro,
656 726 739 808 aspa·

48 806 155 877 latito,
177 824 307 886 panace,
323 826 428 878 croco,
444 807 573 887 cypiro,
588 826 740 884 amaraco,

48 887 139 961 low,
154 886 259 961 melle,
277 890 358 948 vino.
379 885 519 968 Nihilque
536 885 598 968 ejus
617 891 659 949 rei
679 910 742 948 cau·

49 967 84 1028 sti
100 970 131 1026 in
152 965 233 1027 Italii
259 965 375 1028 vidrice
404 971 558 1041 omnium,
575 971 605 1028 in
624 967 743 1051 Europa

48 1050 127 1110 verb
144 1047 227 1121 toti,
239 1063 345 1128 praetcr
364 1049 419 1107 irin
439 1047 608 1130 Illyricam,
628 1050 662 1110 δι
674 1070 743 1109 nar·

48 1129 124 1189 dum
142 1126 314 1200 Gallicum,
332 1128 466 1211 gignitur.
483 1128 562 1189 Nam
575 1132 693 1202 unum,
704 1131 740 1193 ὅ(

49 1207 136 1281 rosa,
160 1209 193 1270 &
211 1211 303 1290 myrti
318 1208 389 1271 folia
409 1209 589 1292 oieumque,
606 1231 743 1284 commu·⁴

49 1293 101 1351 nia
119 1288 183 1350 fere
204 1291 337 1349 omnium
356 1304 497 1350 terrarum
513 1292 720 1373 intelliguntur.

92 1368 148 1431 111.
165 1368 253 1431 Siccis
269 1369 409 1430 odoribus
431 1368 584 1447 constant,
601 1392 667 1452 quae
684 1372 742 1438 dia·

48 1450 182 1535 pasmata
201 1467 351 1513 vocantur.
372 1447 451 1511 Nam
471 1449 576 1511 faecern
601 1454 742 1535 unguenti

50 1553 171 1615 magma
186 1532 343 1615 cappellam.
364 1530 441 1593 Inter
455 1551 559 1593 omnes
571 1536 741 1615 potentissi-

50 1635 117 1676 mus
129 1613 225 1688 odor,
234 1611 359 1753 quisquis
367 1614 527 1675 novissime
535 1615 656 1675 additur.
674 1613 740 1682 Un-

51 1713 161 1778 guenta
175 1695 286 1775 optime
309 1710 444 1756 eruantur
454 1696 485 1754 in
497 1693 740 1768 alabastris,on-

51 1779 144 1840 resin
159 1774 249 1838 oleo:
263 1775 343 1857 quod
355 1775 536 1837 diuturnitati
551 1796 655 1838 eorum
673 1795 740 1847 tan·
828 1785 831 1791 ’

51 1860 86 1919 ti>
95 1857 193 1919 utilius
201 1856 261 1928 est,
272 1858 379 1939 quanti>
390 1859 536 1941 pinguius,
546 1875 626 1937 utex
636 1879 740 1944 amyg-

52 1939 135 1999 dalis.
157 1937 195 1998 Et
211 1936 271 2019 ipsa
286 1955 432 2021 unguenta
449 1936 591 1999 vetustate
605 1940 741 2003 meliora.¹

53 2018 106 2081 Sol
129 2021 265 2083 inimicus
281 2018 348 2080 his:
371 2019 563 2101 quamobrem
580 2021 611 2079 in
634 2021 740 2084 umbra

51 2117 219 2182 coquuntur
237 2098 378 2181 plumbeis
394 2102 482 2160 vasis.
500 2097 740 2181 Experimentum

52 2202 161 2243 eorum
176 2180 291 2242 inversi
310 2201 400 2242 manu
417 2183 544 2262 capitur,
558 2201 596 2244 ne
611 2181 739 2246 carnosae

54 2264 145 2344 partis
162 2260 242 2322 calor
257 2262 352 2324 vitiet.

95 2342 149 2404 IV.
175 2364 202 2426 3.
215 2343 287 2403 Haec
301 2339 344 2403 est
359 2340 476 2401 materia
498 2338 580 2400 luxus
598 2359 616 2399 e
632 2341 740 2410 cuntiis

53 2423 179 2485 maximi
199 2422 377 2506 supervacui.
393 2420 559 2503 Margaritae
569 2421 647 2480 enirn
658 2442 741 2504 gern-
828 2479 833 2491 ,

55 2525 170 2587 maeque
190 2505 227 2564 ad
242 2504 382 2565 heredem
394 2519 492 2563 tamen
506 2499 666 2564 transeunt:
686 2522 741 2565 ve·

55 2587 112 2646 stes
121 2602 281 2667 prorogant
291 2601 425 2667 tempusa
440 2598 586 2666 unguenta
596 2582 674 2645 illico
691 2604 742 2649 ex·

55 2666 178 2748 spirant,
195 2687 230 2726 ac
247 2663 303 2725 suis
326 2667 489 2725 moriuntur
512 2664 601 2725 horis.
620 2663 741 2729 Summa

56 2747 274 2808 commendatio
286 2765 407 2819 eorum,
422 2760 453 2806 ut
462 2742 622 2806 transeunte
631 2744 739 2809 femina
827 2762 829 2767 ·

55 2828 133 2891 odor
154 2830 260 2887 invitet
281 2830 371 2891 etiam
392 2825 469 2889 aliud
492 2841 633 2909 agentes:
653 2848 737 2897 exce·

98 2912 198 2972 Turnus
216 2908 285 2972 111.
573 2902 601 2967 C
