1975 3575
222 283 288 355 172
344 256 583 329 (ῖΡιιΝιι
609 257 800 330 NAr‘vn.

217 383 251 443 &
269 377 456 450 candidiore,
470 379 504 438 δι
526 374 636 456 majore
658 398 666 438 ι
687 375 797 438 semine
823 377 891 438 inter

215 459 286 521 folia
303 459 400 519 rubro.
422 457 547 518 Plurima
558 459 587 517 in
606 457 676 530 Ida,
691 458 723 519 dt
743 460 819 519 circa
832 458 891 519 He-

216 539 341 601 racleam
364 537 471 612 Ponti,
488 558 544 599 nec
560 539 615 597 nisi
631 540 660 597 in
672 542 843 599 montuosis.
861 537 892 598 Id

216 641 355 702 quoque,
376 618 458 700 quod
482 617 661 699 daphnoides
674 636 824 692 uocatur,
847 637 893 699 ge·

217 722 293 775 nus,
313 703 343 760 in
357 700 509 760 nominum
527 698 638 758 ambitu
660 696 712 758 est.
735 699 798 758 Alii
822 700 891 761 enim

214 780 386 862 Pelasgum,
406 780 453 839 alii
473 780 649 860 eupetalon,
669 780 716 838 alii
738 777 780 839 ste
802 779 904 838 hanon¹

218 862 379 923 Alexandri
397 868 515 921 vocant.
534 858 571 919 Et
587 859 634 918 hic
646 857 744 936 frutex
756 801 802 921 ed
810 879 892 919 ramo·

218 940 287 1014 fus,
306 944 443 1002 crassiore
456 961 489 1001 ac
509 938 665 1010 molliore,
683 939 770 1020 qudm
781 940 891 1012 laurus,

218 1020 310 1083 folio:
331 1019 410 1099 cujus
432 1020 543 1102 gustatu
572 1020 796 1080 accendituros
811 1038 890 1101 atque

216 1115 334 1184 guttur,
352 1102 448 1160 baccis
466 1121 484 1161 e
501 1102 583 1181 nigro
596 1099 675 1160 rufis.
687 1099 831 1160 Notatum
843 1121 886 1160 an·

216 1184 326 1263 niquis,
344 1180 454 1240 nullum
487 1200 576 1262 genus
596 1180 701 1240 laurlrs
727 1182 759 1239 in
778 1178 891 1253 Corsici

217 1261 318 1324 fuisse:
354 1261 414 1322 uod
433 1281 510 1321 nunc
530 1260 621 1320 satum
637 1262 670 1322 dc
688 1259 729 1320 ibi
749 1262 888 1341 provenit.

260 1342 324 1403 XL.
334 1283 407 1422 tlpse
426 1340 569 1422 pacifera,
590 1359 728 1423 utquam
759 1340 890 1420 praetendi

219 1425 307 1484 etiam
325 1423 400 1481 inter
418 1438 543 1481 armatos
560 1420 655 1482 hostes
673 1422 778 1502 quietis
797 1424 891 1482 sitin·

218 1504 339 1563 dicium.
360 1502 499 1564 Romanis
520 1502 665 1582 praecipue
688 1501 890 1563 laetitiaeiviuo·

219 1587 385 1664 riarumque
405 1584 503 1642 nuntia
516 1582 635 1657 additur
654 1583 758 1654 literis,
776 1584 809 1644 ὃ(
825 1583 889 1643 mili·

219 1680 285 1724 tum
300 1665 422 1737 lanceis,
437 1661 565 1743 pilisque.
580 1661 681 1722 Fasces
691 1665 890 1743 imperatorum

213 1744 350 1814 decorat.
372 1742 416 1804 Ex
436 1744 479 1802 his
501 1744 530 1802 iu
552 1745 663 1826 gremio
691 1743 774 1806 lovis
794 1743 888 1828 optimi

219 1826 396 1904 maximique
408 1824 699 1907 deponitur,quoties
709 1825 836 1887 laetitiam
845 1844 890 1885 no·

220 1925 259 1966 va
276 1903 392 1964 vidoria
406 1904 516 1978 attulit.
534 1904 626 1987 quue
640 1927 700 1965 non
711 1908 779 1987 quia
795 1925 890 1988 perpe·

220 1986 273 2045 tub
291 1986 389 2056 viret,
410 2005 463 2049 nec
487 1986 555 2065 quia
574 1984 697 2065 pacifera
718 1984 759 2046 est
770 1984 864 2069 (pras
876 2016 890 2031 ·

220 2065 310 2125 nenda
330 2067 358 2123 ei
376 2082 499 2146 utroque
512 2065 598 2205 oleah)
611 2066 660 2127 sed
675 2069 742 2149 quia
756 2066 891 2148 speclaris·

214 2148 293 2218 sima
312 2147 341 2204 in
360 2161 461 2205 monte
480 2144 568 2205 Pama
592 2169 635 2208 o:
659 2148 786 2229 ideoque
811 2151 889 2208 etiam

220 2247 300 2318 grata
319 2226 468 2308 Apollini,
491 2225 614 2287 adsuetis
637 2228 674 2288 eb
692 2228 768 2288 dona
787 2231 890 2288 mittere

218 2330 280 2448 {am
297 2308 329 2368 &
348 2308 460 2388 regibus
484 2306 642 2379 Romanis,
662 2306 734 2368 teste
749 2308 784 2368 L.
795 2309 890 2369 Bruto.

244 2389 359 2448 ortassis
381 2390 467 2447 etiam
485 2390 515 2446 in
530 2406 751 2469 argumentum,
783 2390 890 2449 uoniam

218 2467 261 2528 ibi
279 2468 439 2528 libertatem
458 2466 602 2547 publicam
624 2470 648 2528 is
665 2411 824 2542 mesoides,
836 2469 891 2527 lau·

219 2547 335 2608 riferam
347 2547 480 2607 tellurem
489 2549 568 2608 illam
580 2547 720 2609 osculatus
734 2570 770 2609 ex
781 2547 890 2630 respon·

218 2626 261 2687 so.
285 2626 324 2702 ¹Et
340 2629 405 2708 quia
417 2648 503 2689 manu
520 2626 644 2687 satarum·
658 2646 836 2710 receptarum
857 2646 891 2687 ue

217 2707 248 2763 in
268 2706 395 2781 domos,
411 2707 529 2768 fulmine
555 2707 614 2769 sola
638 2728 698 2768 non
725 2712 815 2770 icitur.
871 2707 890 2766 b

213 2784 265 2864 has
286 2786 380 2850 causas
392 2788 728 2871 equidemcrediderim,
748 2790 887 2860 honorem
