1975 3575
16 295 18 320 ¹
185 350 188 354 »
244 298 290 381 28
339 298 807 374 C.Prrrr11NArrrrt.

241 434 345 493 urunt,
359 421 389 479 in
409 414 563 479 odoriferis
576 415 662 480 silvis
675 415 931 502 frequentissimas.¹
974 437 975 444 ¹

279 498 358 560 XLI.
381 498 428 561 18.
458 499 529 560 Non
553 496 618 561 sunt
649 521 758 561 eorum
787 504 930 562 cinnamo·

238 597 320 640 mum
338 598 386 640 aut
405 583 499 641 casia:
518 580 675 643 &tamen
700 582 786 643 Felix
806 579 931 662 appella·

238 677 286 720 tur
307 659 436 735 Arabia,
454 659 522 721 falsa
540 662 706 744 &Ingrata
731 661 930 745 cognominis,

238 761 304 823 quae
319 742 376 803 hoc
391 758 543 825 acceptum
554 739 668 824 superis
678 740 775 813 ferat,
791 745 859 803 citm
864 739 928 879 plus

171 859 174 866 .
237 843 275 883 err
298 843 336 883 eo
355 822 453 883 inferis
483 821 598 883 debeat.
620 822 748 884 Beatam
765 823 846 883 illam
877 820 930 880 ecit

235 902 389 965 hominum
406 906 493 964 etiarn
518 905 547 962 in
573 921 674 965 morte
704 904 842 977 luxuria,
866 919 927 981 quae
974 950 975 966 t

213 1013 217 1020 ·
237 985 294 1045 diis
317 985 498 1047 intellexerat
517 986 629 1068 genita,
649 984 799 1046 adhibens
816 980 929 1043 utendis

237 1064 391 1125 defunctis.
418 1065 507 1125 Periti
533 1086 633 1125 rerum
664 1064 853 1137 asseverant,
873 1077 929 1121 non

235 1143 312 1205 ferre
335 1148 447 1205 tarnim
472 1163 568 1205 annuo
589 1144 668 1218 fetu,
685 1149 834 1228 quantirm
849 1142 929 1204 Nero
974 1152 975 1208 t

236 1227 373 1308 princeps
391 1226 552 1286 novissimo
568 1223 708 1308 Poppaeae
723 1226 783 1288 suae
802 1226 849 1286 die
861 1242 928 1284 con·

237 1308 422 1370 cremaverit.
440 1304 627 1368 AEstimentur
652 1306 762 1388 postea
775 1324 841 1369 toro
860 1303 927 1365 orbe

235 1390 354 1471 singulis
372 1389 451 1449 annis
477 1404 522 1448 tot
550 1386 680 1461 funera,
711 1388 925 1464 acervatimque

237 1468 374 1549 congesta
394 1469 499 1527 honori
517 1467 692 1529 cadaverum
703 1512 714 1543 ,
725 1492 794 1552 quae
811 1468 865 1529 diis
876 1480 925 1545 per

237 1549 361 1630 singulas
378 1550 467 1608 micas
487 1546 598 1609 dantur.
620 1546 686 1610 Nec
705 1554 804 1612 minirs
829 1546 926 1630 propi·

236 1630 358 1688 tierent
375 1628 455 1689 moli
473 1625 543 1689 salsi
563 1628 812 1712 supplicantibus,
833 1631 923 1687 immo

236 1711 312 1769 vero
331 1708 384 1791 (ut
405 1709 502 1791 palam
525 1707 588 1793 est)
603 1708 789 1792 placationes.
810 1707 924 1769 vVerirm

236 1789 353 1850 Arabiae
364 1790 522 1850 etiamnum
535 1789 647 1852 felicius
656 1814 736 1854 mare
747 1792 791 1855 est
803 1815 810 1854 :
823 1810 861 1854 ex
872 1785 924 1850 illo

235 1889 361 1950 namque
371 1874 639 1951 margaritasmittit.
647 1873 925 1956 Minimaiquecom·

235 1952 385 2030 putatione
399 1951 505 2027 millies
519 1970 639 2012 centena
656 1954 746 2014 millia
760 1951 923 2016 sestertiirm

234 2032 318 2090 annis
336 2032 470 2091 omnihus
489 2031 571 2092 India
590 2034 623 2094 &
641 2031 743 2108 Seres,
761 2032 924 2117 peninsula·

236 2130 296 2192 que
313 2111 362 2171 illa
377 2114 501 2194 imperio
528 2111 627 2175 nostro
652 2115 795 2177 adimunt.
822 2112 923 2175 Tanti)

236 2192 322 2253 nobis
340 2192 450 2255 delreiae
469 2192 628 2257 &feminae
646 2196 795 2259 constanti
816 2193 922 2270 Quota

235 2276 317 2335 enim
336 2277 434 2356 portio
455 2295 492 2336 ex
513 2276 568 2338 illis
582 2278 619 2339 ad
637 2278 710 2341 deos
728 2271 827 2356 quaeso
842 2270 920 2351 jam,

227 2358 279 2417 -rrti
293 2354 329 2415 ad
346 2355 473 2431 inferos,
485 2358 631 2433 pertinet?

276 2435 369 2497 XLII.
392 2457 438 2518 19.
462 2436 689 2498 Cinnamotnum
711 2436 744 2498 &
763 2433 856 2495 casias
874 2433 920 2496 faa

234 2517 338 2579 bulose
349 2519 473 2579 narravit
486 2520 544 2579 anti
585 2519 656 2588 itas,
667 2514 840 2599 princepsve
854 2517 918 2576 He·

234 2598 375 2669 nodotus,
393 2600 492 2660 avium
514 2603 543 2659 ni
565 2602 603 2669 is,
624 2597 807 2678 &privatim
827 2598 917 2680 phoe-

233 2680 325 2750 nicis,
343 2680 374 2737 in
398 2700 459 2761 quo
481 2681 537 2740 situ
562 2678 649 2740 Liber
690 2697 751 2741 ater
775 2677 915 2740 educatus

224 2756 324 2830 estet,
340 2779 376 2819 ex
394 2760 480 2822 inviis
500 2760 618 2841 rupibus
636 2701 842 2843 arIoribusque
861 2758 915 2818 de-

144 2906 147 2911 .
232 2840 311 2912 cuti,
328 2842 418 2903 carnis
437 2860 526 2922 quam
547 2838 615 2924 ipse
633 2839 777 2908 ,inferrent
796 2839 914 2926 ponde?
