1975 3575
222 272 434 343 Htsron.
455 272 529 344 Lib.
548 273 631 344 XV.
687 297 750 370 ¹73

87 391 107 454 ci
121 391 254 454 habitum
262 393 292 451 in
302 393 454 471 triumphis
468 393 580 472 potius,
591 392 678 474 quiam
692 397 760 475 quia

87 472 274 534 suffimentum
291 475 327 532 sit
346 473 433 531 caedis
460 471 583 533 hostium
604 476 636 535 &
655 495 761 557 purga·

86 556 142 626 rio,
160 572 192 614 ut
210 553 296 613 tradit
317 550 469 613 Masurius.
489 551 634 632 Adeoque
652 556 681 614 in
695 576 760 636 pro·

87 633 152 694 lanis
161 635 260 695 usibus
271 633 361 713 pollui
373 632 484 693 laurum
494 634 527 694 δι
539 633 634 694 oleam
644 632 686 694 fas
696 656 758 697 nou

87 713 140 787 est,
152 724 191 774 ut'
205 734 243 774 ne
255 720 258 729 ‘
284 713 449 795 ropitiandis
461 713 581 795 quidem
594 715 757 776 numinibus

66 838 71 845 s
89 794 200 856 accendi
211 815 248 854 ex
259 736 304 853 lis
315 793 411 853 altaria
423 814 518 854 araeve
531 793 665 855 debeant.
685 793 758 857 Lau·

88 894 128 935 rus
189 875 267 935 idern
285 873 435 934 manifesti)
453 874 565 934 abdicat
574 877 656 956 ignes
666 877 761 955 crepi-

89 896 188 1028 mlx:
207 955 333 1037 quadam
361 952 571 1015 detestatione:
592 958 760 1016 interaneo-

89 1055 147 1096 rum
172 1038 258 1096 eriam
274 1037 347 1104 vitia
370 1036 403 1096 &
418 1035 582 1107 {nervorum
601 1034 679 1117 ligno
697 1052 761 1097 ror.-

90 1134 197 1197 quente.
208 1114 361 1177 Tiberium
376 1116 536 1195 principem
550 1133 672 1177 tonante
686 1116 759 1179 caelo

91 1199 213 1257 coronari
233 1197 268 1257 eal
285 1194 399 1257 solitum
424 1193 519 1257 ferunt
541 1212 642 1258 contra
660 1195 759 1259 fulmi-

91 1297 154 1337 num
175 1293 276 1338 metus.

125 1356 194 1418 Sunt
211 1359 244 1419 δι
260 1359 336 1418 circa
353 1355 452 1418 divum
469 1353 632 1438 Augustum
654 1373 759 1418 eventa

92 1435 146 1515 ejus
157 1439 239 1521 digna
247 1454 418 1498 memoratu.
431 1435 566 1518 Namque
578 1436 669 1497 Liviae
679 1435 758 1498 Dru·

92 1518 174 1593 sillae,
194 1541 258 1600 quae
269 1517 368 1599 postea
377 1517 425 1577 Au
446 1515 506 1578 usta
517 1519 691 1577 matrimonii
705 1539 763 1579 no·

93 1619 152 1658 men
166 1601 370 1680 accepit·‚cl1m
389 1538 469 1678 pala
486 1596 556 1658 esser
575 1597 623 1658 illa
633 1594 758 1671 Caesari,
784 1659 786 1663 .

93 1680 214 1760 gallinam
233 1677 379 1774 conspicui
399 1678 532 1738 candoris
546 1676 656 1738 sedenti
665 1679 759 1774 aquila

96 1760 191 1821 exalto
212 1757 357 1840 abjecrtrn
368 1761 508 1841 gremium
526 1758 762 1822 illaesamnnrre·

94 1840 206 1923 pidique
217 1843 331 1902 miranti
343 1843 460 1900 accessit
475 1843 665 1917 miraculum,
681 1863 759 1924 quo·

95 1922 162 1981 niam
175 1939 287 1982 teneret
302 1919 392 1981 rostro
412 1921 540 1981 laureum
558 1941 670 1981 ramum
689 1944 759 1984 onu-

95 1998 160 2061 stum
173 2002 226 2063 suis
243 2001 348 2063 baccis.
359 1998 531 2064 Conservari
545 2003 641 2076 alitem
660 2003 692 2065 &
710 2001 760 2065 so·

95 2079 182 2143 bolen
203 2081 304 2163 jussere
320 2081 480 2162 aruspices,
500 2103 668 2164 ramumque
690 2104 760 2145 curn

95 2157 141 2220 seri
151 2184 181 2222 ac
195 2166 247 2224 rite
265 2161 410 2224 custodiri.
432 2162 527 2239 Quod
545 2162 650 2221 facium
668 2162 710 2223 est
730 2167 760 2223 in

96 2241 155 2301 villi
165 2241 304 2305 Caesarum
314 2286 324 2313 ‚
334 2243 426 2301 fluvio
439 2240 541 2299 Tiberi
551 2242 688 2319 imposita
699 2242 762 2322 jux·

96 2334 121 2379 ra
134 2344 238 2384 nonum
259 2325 285 2384 la
308 2323 387 2382 idem
406 2319 545 2381 Flaminia
564 2321 628 2391 vil,
642 2342 705 2401 quae
719 2322 759 2382 ob

97 2400 124 2459 id
139 2422 256 2464 vocatur
305 2403 325 2462 d
354 2400 499 2485 gallinas:
527 2398 659 2480 miroque
688 2400 761 2462 silva

97 2488 228 2557 provenit.
250 2483 294 2544 Ex
306 2482 341 2543 ea
354 2481 530 2563 triumphans
540 2478 639 2563 postea
650 2476 762 2555 Caesar,

47 2622 50 2631 .
96 2558 194 2623 laurum
211 2567 240 2624 in
259 2584 345 2624 manu
362 2564 469 2634 renuit,
491 2582 687 2643 coronamque
716 2582 763 2621 ca·

97 2642 150 2719 pite
166 2647 268 2725 gessit:
288 2665 321 2704 ac
339 2642 445 2705 deinde
464 2646 653 2724 imperatores
664 2639 764 2710 Caesa·
813 2670 816 2677 ·

97 2739 138 2779 res
153 2724 248 2785 cunlli.
269 2722 461 2806 Traditusque
489 2744 555 2783 mos
581 2720 623 2802 est
648 2742 772 2797 ramos,

97 2818 162 2881 quos
180 2820 330 2868 tenuerunt
339 2849 351 2879 ‚
368 2803 499 2880 serendi,
518 2804 551 2866 &
569 2802 762 2944 dffilfflll‘

623 2906 651 2965 ¹¹1
701 2902 707 2911 ·
801 2932 807 2944 .
