1975 3575
252 313 319 366 roo
375 273 871 355 C.PtrnrrNAr'³.un.

251 407 404 493 perduxit,
419 405 493 464 intra
518 398 653 461 octavum
670 415 777 456 annunt
797 404 942 457 ccccm:

247 486 401 550 nummrirn
424 483 551 565 emptori
559 477 683 549 ,addicta
703 476 860 559 pendente
879 477 941 545 vin·v

250 567 357 630 demii.
375 565 568 643 Cucurritque
586 579 674 619 uerno
692 578 752 617 non
762 557 799 616 ad
811 555 941 638 specian-

185 696 189 702 ·
250 651 303 712 das
324 666 447 708 uvarum
468 644 498 703 in
522 645 556 703 iis
583 641 676 701 vineis
706 635 798 697 strues
809 668 827 709 ,·
851 637 941 697 literis

252 730 317 811 ejus
341 726 487 787 altioribus
508 738 607 783 contra
625 719 655 778 id
680 719 762 801 pigra
788 719 940 778 vicinitate

255 813 311 873 sibi
328 809 543 890 patrocinante:
561 800 720 862 novissime
745 797 870 859 Annaeo
891 796 941 857 Se·
970 864 971 871 ἵ

254 890 347 964 neta,
366 887 496 970 principe
513 900 576 943 turn
588 880 773 953 eruditionis,
785 900 821 939 ac
841 894 941 961 poten·
970 884 971 951 i

255 966 330 1047 tire,
342 990 406 1051 quae
425 963 573 1048 postremo
599 963 687 1021 nirnia
707 958 761 1018 fuit
781 957 873 1040 super
899 960 940 1038 ip-
970 954 971 1037 i

256 1053 338 1127 sum,
356 1048 475 1110 minime
506 1046 605 1126 urique
630 1043 767 1102 miratore
792 1040 940 1108 inanium,
960 1044 971 1139 ἰ

256 1149 339 1201 tanto
363 1126 463 1210 praedii
485 1123 546 1204 ejus
568 1141 667 1182 amore
689 1136 796 1201 capto,
816 1139 853 1181 ut
884 1137 939 1178 nou
970 1144 971 1183 ι

256 1211 381 1296 puderet
400 1203 493 1269 inviso
510 1202 576 1264 alias
596 1203 629 1263 &
647 1199 827 1261 ostentaturo
848 1199 941 1260 trade*
970 1188 971 1253 i

257 1314 291 1354 re
310 1291 434 1374 palmam
450 1307 531 1359 eam,
541 1284 645 1365 emptis
663 1282 886 1363 quadruplicato
898 1279 938 1340 vi·

259 1376 324 1436 neis
351 1370 407 1430 illis
434 1369 508 1428 intra
538 1365 684 1425 decimum
705 1360 767 1423 fere
790 1383 873 1423 curre
895 1380 939 1419 an·

261 1474 332 1516 nurn
348 1473 356 1510 ι
372 1451 458 1529 digna
475 1466 580 1528 opera,
605 1464 669 1526 quae
687 1444 717 1502 in
740 1440 882 1504 Caecubis
892 1439 938 1500 Se·

261 1531 384 1612 rinisque
402 1529 474 1609 agris
484 1522 659 1665 proficeret:
673 1523 790 1606 quando
800 1524 834 1585 ἃ
868 1520 940 1584 oster

263 1613 462 1693 saepenutnero
497 1622 618 1688 eptenos
636 1606 735 1665 culeos
760 1546 877 1686 singui'a
899 1602 939 1683 ju·

244 1706 248 1717 ‘
265 1713 348 1776 gera,
369 1691 426 1748 hoc
440 1685 481 1748 est
503 1687 667 1768 amphoras·
677 1700 811 1755 centenas
822 1683 938 1765 quadra·

266 1794 354 1856 genas
372 1767 456 1830 musti
475 1765 595 1828 dedere.
623 1765 677 1825 Ac·
694 1786 731 1826 ne
754 1766 818 1848 quis
839 1763 939 1840 viciant

266 1857 298 1932 in
308 1854 366 1913 hoc
383 1851 581 1929 antiquitatem
590 1846 879 1918 arbitraretur‚idem
891 1842 939 1905 Ca·

268 1954 302 1994 to
324 1933 417 1993 denos
433 1929 534 1990 culeos
553 1928 647 1988 redire
658 1948 694 1988 ex
703 1925 849 2009 jugeribus
864 1926 940 2005 scrip·

268 2017 329 2088 sit,
350 2009 514 2072 efficacibus
531 2008 671 2090 exemplis
693 2029 752 2067 non
771 2009 864 2067 maria
884 2005 940 2148 plns

269 2108 410 2162 temerata
422 2089 554 2152 conferre
571 2090 740 2159 mercatori,
758 2091 869 2149 nonin
912 2106 940 2144 u·

269 2166 940 2253 brumlituslndicumvemercespetitas,quim
970 2183 971 2236 ι

271 2256 403 2318 sedulum
418 2254 489 2313 ruris
504 2252 603 2312 larem.
929 2274 932 2278 ·
970 2253 971 2298 i

313 2335 368 2398 VI.
387 2334 466 2395 Vino
487 2332 684 2415 antiquissima
712 2329 824 2391 claritas
849 2330 941 2391 Maro·-
970 2303 971 2378 i

274 2438 354 2491 neo,
372 2419 403 2476 in
419 2415 552 2475 Thraciae
571 2409 714 2473 maritimi
733 2427 814 2491 parte
832 2414 940 2494 genito,
970 2409 971 2484 g

274 2516 308 2558 ur
327 2496 423 2565 auctor
443 2493 484 2554 est
507 2493 662 2554 Homerus.
683 2490 790 2573 Neque
811 2496 889 2554 eninr
906 2488 940 2550 fa·

269 2575 393 2649 -bulosa,
409 2591 458 2634 aut
472 2575 510 2634 de
531 2576 640 2656 origine
661 2572 740 2633 varie
753 2571 870 2650 prodita
882 2588 941 2634 con·-
970 2585 971 2598 ¹

273 2655 430 2728 sectamur,
447 2671 637 2738 praeterquam
655 2650 810 2711 Aristaeum
825 2656 939 2736 primun
970 2659 971 2714 i

278 2739 409 2799 omniurn
427 2738 457 2795 in
478 2736 582 2797 eadem
600 2749 685 2816 gente
696 2730 940 2795 melmiscuiffev'r
970 2723 971 2746 ³

277 2835 337 2889 uo,
353 2816 490 2910 suavitate
517 2814 662 2901 praecipuit
680 2809 825 2896 utriusque
839 2819 941 2878 natura
970 2877 971 2884 χ
