1975 3575
137 271 603 348 uastaruuxvffl.
655 299 727 377 357
769 354 771 359 a

53 392 137 453 caules
146 390 318 474 sparguntur
327 394 355 452 in
367 390 490 468 terram,
503 395 592 454 sinon
602 395 726 458 habeant

53 473 247 533 adminiculum
258 515 272 544 ,
299 490 329 532 ut
346 472 483 554 pisorum.
513 472 606 552 Quod
625 480 647 536 ai
663 496 723 538 nnn

53 552 187 626 habuere,
198 553 349 613 deteriora
365 551 447 613 fiunt.
460 553 650 636 Leguminum
663 556 724 627 uni·

53 633 129 691 caulis
146 632 211 692 faba
232 631 319 704 sola,
339 654 411 693 unus
430 634 462 695 &
479 635 605 715 lupinis:
621 638 723 719 cereris

54 711 166 850 plausus
188 715 332 795 praetenui
348 712 479 776 surculo:
496 715 633 776 omnibus
650 719 723 778 verb

107 792 187 856 losus.

85 871 192 932 Folium
202 873 342 955 quaedam
352 873 387 933 ab
398 876 492 935 radice
503 874 637 947 mittunt,
670 893 727 935 uae·

54 949 141 1012 dama
160 956 326 1014 cacumine.
335 954 522 1015 Frumentum
530 957 604 1015 verb
618 958 649 1017 &
681 976 728 1014 or·

54 1030 142 1108 deum,
150 1036 306 1117 vinaque,
322 1035 355 1094 &
386 1035 505 1116 uidqui‘d
514 1036 542 1093 in
553 1031 654 1114 stipula
665 1033 726 1117 ‘stu'

56 1109 80 1167 in
95 1117 234 1177 cacumine
254 1114 352 1174 unum
366 1055 475 1174 tiulium
488 1115 584 1175 habet.
591 1113 648 1174 Sed
658 1115 728 1175 hor·

56 1189 102 1250 deo
119 1195 212 1255 stabra
232 1194 321 1265 sunt,
338 1197 442 1255 ceteris
462 1195 555 1256 laeviaa
580 1194 726 1276 Multipli-

56 1270 92 1328 cia
103 1274 197 1334 contra
215 1274 293 1335 fabae
308 1317 318 1347 ,
336 1277 445 1345 ciceri,
465 1273 538 1355 piso.
562 1273 725 1336 Frumentis

57 1347 141 1412 iulium
158 1356 387 1416 arundinaceum
398 1398 408 1428 ‚
424 1353 498 1417 faba
507 1356 661 1417 rotundum
672 1400 681 1429 ,
692 1358 725 1417 &

56 1449 149 1513 magnae
172 1436 182 1494 l
241 1440 359 1497 minum
377 1437 459 1516 parti.
478 1435 624 1573 Lonpiora
646 1432 726 1496 ervi·

57 1508 109 1580 iia,
126 1515 195 1596 &pi
209 1538 238 1578 ο.
256 1514 386 1578 Faseulis
396 1514 522 1577 venosa:
555 1514 671 1588 esamae,
689 1516 722 1578 &

56 1589 125 1652 irioni
144 1594 312 1679 sanguinea.
329 1594 445 1656 Cadunt
463 1595 534 1655 folia
545 1596 645 1676 lupino
663 1613 724 1655 tan·

57 1672 125 1745 tun,
138 1677 170 1737 &
182 1678 339 1760 papaveri.
359 1675 517 1759 Legumina
540 1676 648 1737 diutius
666 1677 725 1747 flo-

58 1769 125 1827 rent,
140 1757 171 1818 δ(
188 1779 225 1819 ex
242 1760 292 1820 his
311 1778 413 1819 ervum
436 1777 468 1819 ac
487 1757 580 1817 cicer:
591 1755 641 1818 sed
657 1758 724 1819 diu·

60 1833 149 1897 tissime
165 1837 231 1900 faba
250 1858 306 1901 xu.
328 1839 438 1899 diebus.
458 1838 528 1898 Non
548 1856 645 1899 autem
663 1843 723 1899 sin·

62 1914 106 1990 g'uli
122 1915 197 1999 scapi
212 1920 342 1991 tamdiu,
361 1920 495 1998 quoniam
515 1918 572 1978 alio
588 1920 724 1990 desinen-

61 2006 83 2050 te
94 1994 158 2057 alius
176 2001 299 2078 incipit:
315 2017 370 2055 nec
388 2015 448 2055 tora
462 1997 544 2077 seges
554 2040 572 2070 ν,
584 2000 656 2057 sicut
665 1999 724 2059 fru-

63 2080 152 2150 menti,
172 2078 293 2156 pariter.
307 2073 478 2155 Siliquantur
494 2076 569 2134 verb
577 2080 674 2138 omnia
684 2079 724 2138 di·

61 2158 144 2215 verris.
156 2151 283 2229 diebus,
297 2156 331 2215 &
346 2157 381 2214 ab
400 2155 459 2213 imai
476 2157 599 2235 primum
619 2159 723 2238 parte,

61 2236 185 2309 paulatim
210 2236 286 2296 flore
306 2233 454 2293 subeunte.

69 2337 73 2343 ⁴
92 2312 259 2387 Frumenta‚
268 2318 335 2377 ciun
349 2313 511 2373 defloruere
523 2313 726 2389 ,marescum

61 2398 286 2480 maturanturque
299 2398 367 2456 ciun
386 2395 541 2478 plurimum
552 2394 650 2453 diebus
658 2416 727 2480 qua·

62 2470 193 2555 draginta:
206 2481 278 2539 item
294 2476 380 2536 faba:
399 2475 575 2555 paucissimis
591 2476 674 2536 cicer.
691 2473 726 2535 ld

62 2555 129 2614 eninr
147 2578 164 2617 a
183 2557 311 2619 semente
321 2557 423 2617 diebus
437 2559 489 2615 xa.
504 2551 727 2642 perficitur.-Mi·

62 2628 139 2707 lium,
153 2639 186 2698 &
199 2642 349 2720 panicum,
367 2638 400 2699 δι
423 2634 550 2707 sesama,
571 2633 604 2697 δὲ
619 2639 726 2695 omnia

63 2710 169 2791 estiva,
187 2736 239 2788 xa.
264 2720 366 2779 diebus
396 2733 573 2777 maturantur
596 2736 615 2774 a
634 2715 724 2788 flore,

63 2798 156 2875 magni
166 2816 249 2861 terrae
258 2801 376 2880 caelique
387 2795 557 2860 differentia
566 2795 601 2856 ln
612 2793 726 2895 Egyp-
