1975 3575
206 204 408 283 Hrsron.
428 210 500 281 Lib.
514 210 628 282 XVII.
686 233 755 309 313

79 325 174 395 «binus
189 330 325 411 proximo
340 327 501 389 volumine.
519 325 613 390 Immo
622 332 696 392 verb
707 330 758 393 Fa·
858 357 861 362 ·

80 411 191 481 eonio,
228 410 345 469 uoniam
361 429 468 489 anceps
488 409 571 490 culpa
586 414 619 470 sit
631 431 762 493 praepro-

86 511 158 571 pera
175 432 373 551 fedinationis.
395 487 425 549 Si
445 487 551 548 saucias
569 493 675 550 recenti
691 511 761 554 rne-

83 569 173 633 dictat
190 568 580 651 mordentquaedam‘hiemis
590 573 755 634 ruminatiot

54 668 190 721 'eertum
211 649 252 710 est
270 669 398 733 gemmas
424 668 524 710 earum
545 647 652 744 frigore
668 650 756 713 hebe-

77 732 151 803 rari,
168 728 319 813 plagasque
340 729 430 802 findi,
454 730 486 791 δι
507 728 569 789 caelt
586 730 659 792 vitio
678 732 758 793 exuti

77 811 181 885 ¹oculos
200 811 317 875 lacrima
335 808 498 870 distillante.
520 808 598 870 Nam
619 809 686 892 gelu
700 808 759 870 fra·
846 839 851 844 ·

55 962 56 965 Ἰ
82 891 151 973 giles
163 889 222 951 fieri
231 894 295 973 quis
306 889 432 951 nesciat?
448 888 614 970 Operarunt
623 888 674 950 ista
681 910 762 952 cont·

74 974 189 1053 putatio
205 971 246 1034 est
265 975 295 1032 in
317 970 489 1042 latifundiis,
502 991 561 1029 non
569 969 697 1051 legitima
710 992 759 1032 na·

82 1068 149 1114 turae
166 1051 317 1126 {estinatio
329 1050 403 1130 Qub
415 1051 554 1110 maturius
565 1068 700 1129 putantur
708 1072 759 1133 ap·

73 1134 114 1193 tis
137 1133 255 1209 diebus,
276 1133 313 1194 eb
324 1134 388 1214 plus
399 1132 528 1202 materiae
539 1127 662 1192 fundunt
673 1151 683 1192 t
694 1132 757 1213 qub

79 1210 165 1274 serius
175 1259 186 1289 ‚
198 1215 237 1277 eb
256 1209 379 1272 [rudiunt
389 1213 564 1272 uberiorem.
581 1209 684 1290 Quare
695 1233 760 1275 ma·

79 1314 140 1354 cras
158 1297 236 1376 pribs
255 1294 411 1355 conveniat
426 1308 549 1372 putare,
573 1291 684 1352 validas
702 1313 761 1354 no·

78 1375 202 1435 tissime.
213 1373 328 1456 Plagam
338 1391 459 1435 omnem
470 1370 618 1452 obliquam
631 1371 709 1444 fieri,
722 1387 758 1435 ut

75 1453 157 1516 facile
175 1454 311 1517 decidant
328 1455 456 1515 imbres:
475 1453 508 1515 dc
527 1452 563 1512 ad
576 1468 681 1525 terram
690 1473 757 1514 ver·

70 1536 195 1618 tiquam
211 1536 358 1596 levissimi
366 1535 498 1595 cicatrice
511 1534 573 1593 acie
591 1532 671 1594 falcis
689 1552 756 1595 exa·

68 1615 145 1690 tta,
166 1616 307 1700 plagaque
330 1613 503 1677 conlaevatd.
532 1612 636 1674 Recidi
654 1630 752 1676 autem

75 1695 130 1758 sent
155 1718 188 1758 er
199 1699 272 1761 inter
288 1698 358 1757 duas
371 1715 520 1778 geminas,
538 1715 575 1755 ne
595 1697 631 1755 sit
645 1694 753 1756 vuinus

75 1720 164 1846 oeuds
173 1780 204 1843 in
212 1777 302 1840 recisit
313 1795 404 1859 parre,
417 1774 539 1860 Nigram
551 1773 606 1837 esse
619 1778 754 1839 eameri-

67 1857 203 1934 ffimartt,
220 1860 253 1922 δι
271 1859 365 1922 donec
377 1858 413 1919 ad
424 1859 533 1918 sinoera
543 1859 672 1932 veniatur
681 1878 754 1930 sre-

66 1941 242 2003 ridendam:
258 1941 396 2022 quoniam
413 1957 429 1998 e
447 1934 553 1998 vitioso
564 1940 686 2000 materia
693 1941 754 1999 uti·
840 1990 843 1996 .

67 2020 103 2083 tis
119 2042 186 2084 non
203 2037 297 2082 exeat.
313 2018 344 2080 Si
360 2038 455 2078 macra
472 2018 541 2078 vitis
552 2017 674 2080 idoneos
685 2018 750 2099 pal·

73 2104 155 2165 mites
172 2122 234 2163 non
249 2100 370 2171 habeat,
386 2098 424 2157 ad
442 2114 548 2158 terrant
565 2097 656 2158 recidi
667 2118 749 2171 eant,
777 2161 779 2166 ,

64 2183 224 2266 novosque
244 2180 309 2239 elici
328 2178 520 2237 utilissimum.
545 2174 580 2236 In
597 2179 751 2258 pampina-

72 2266 149 2327 tione
166 2283 230 2324 non
248 2259 304 2321 hos
325 2255 476 2318 detrahere
505 2277 571 2336 pam
592 2257 675 2328 inos,
700 2256 752 2338 qui

71 2365 131 2407 cum
153 2342 215 2405 uvi
232 2342 305 2402 sint:
318 2339 349 2400 id
370 2338 480 2399 etenim
490 2357 561 2397 uvas
569 2278 749 2417 iitpplantar‚

72 2443 261 2506 preterquam
280 2423 310 2482 in
328 2418 446 2482 novelld
467 2416 563 2478 vinea
572 2415 691 2477 Inutiles
703 2415 752 2497 ju·

71 2506 200 2570 dicmtur
209 2507 238 2564 in
247 2503 334 2564 latere
345 2504 420 2573 nati,
429 2520 489 2560 non
502 2498 539 2560 ab
549 2498 654 2558 oculo:
667 2498 752 2578 quip-

71 2608 105 2668 pe
123 2590 301 2659 etiamuva,
350 2603 375 2644 ae
390 2579 517 2642 nascatur
535 2599 551 2642 e
566 2580 640 2642 duro
658 2578 680 2636 τ’
703 2576 752 2638 es·
822 2627 828 2635 .

61 2687 177 2741 rente,
196 2682 228 2725 ut
244 2666 296 2725 nisi
321 2684 386 2725 erro
399 2661 509 2725 detrahi
518 2682 577 2723 non
585 2660 687 2742 possit.
719 2678 751 2719 e·

69 2749 240 2810 damentum
281 2744 378 2810 uidam
390 2746 473 2810 *inter
483 2743 553 2821 duas
565 2744 641 2805 vites
651 2738 746 2819 utilibs

109 2766 289 2893 romuald.
334 2836 341 2842 '
505 2829 510 2836 “
595 2819 628 2884 0
