1975 3575
231 307 436 381 Hrsron.
462 312 535 383 Lib.
557 303 636 384 ΧΠ.
707 331 756 406 27

68 430 155 495 nibus
177 426 301 491 Parthos
321 431 417 492 tradit.
448 428 585 494 Odorem
603 429 659 493 effe
685 417 757 514 pro-⁵

71 517 184 574 timum
205 511 315 584 cedro,
330 511 503 593 fumumque
521 511 583 590 ejus
600 530 701 573 contra
719 514 755 573 li·

71 615 125 675 gna
143 593 203 653 alia
221 592 361 653 remedio,
376 591 507 653 Nascitur
519 592 591 653 ultra
605 592 752 676 Pasitigrin

69 678 98 738 in
120 672 232 733 finibus
251 673 353 753 oppidi
369 671 483 736 Sittacae
493 676 523 733 in
536 692 636 735 monte
647 674 751 756 Zagro.

105 754 174 815 XL.
199 753 301 814 Petunt
323 755 356 814 &
378 756 407 814 iu
431 752 592 815 Carmanos
619 755 755 818 arborem

68 834 205 903 strobum
223 834 260 894 ad
286 832 414 906 suffitus,
432 833 575 916 perfusam
597 837 670 896 vino
690 836 756 917 pal·

68 938 140 979 tneo
156 915 356 978 accendentes.
373 913 468 995 Hujus
485 917 562 977 odor
574 916 648 976 redit
668 937 686 975 a
704 936 756 976 ca⁴

67 999 162 1060 tueris
181 997 224 1064 adr
239 995 332 1057 solum
351 993 513 1074 jucundus,
533 996 583 1056 sed
595 997 760 1079 adgravant

67 1082 188 1159 capita,
211 1077 280 1137 citra
301 1077 437 1138 dolorem
454 1096 561 1138 tamen.
584 1077 652 1142 Hoc
672 1075 760 1138 som·
806 1129 809 1136 ,

67 1180 144 1222 num
163 1160 244 1240 aegris
264 1175 403 1239 quaerunt.
423 1157 476 1222 His
489 1161 673 1220 commerciis
683 1155 758 1220 Car·

67 1262 115 1301 ras
136 1239 280 1320 oppidum
294 1259 454 1320 aperuere,
473 1240 555 1323 quod
567 1238 609 1300 est
618 1240 673 1299 illis
681 1260 758 1300 nun·

68 1322 227 1383 dinarium.
244 1319 316 1381 Inde
334 1316 469 1380 Gabbam
479 1340 581 1380 omnes
595 1317 724 1400 peteres
742 1354 759 1372 -

70 1404 192 1474 lebant,
206 1401 319 1461 dierum
330 1417 387 1461 xx.
407 1401 524 1474 itinere,
535 1401 567 1460 &
579 1399 762 1463 Palaestinam.

69 1482 210 1565 Syriam:
229 1480 330 1563 postea
347 1478 508 1543 Characem
527 1482 587 1563 peti
603 1499 761 1561 coeptum,

70 1586 106 1625 ac
128 1584 219 1645 regna
236 1562 404 1624 Parthorum
426 1584 463 1624 ex
484 1563 639 1632 escausb,
656 1562 761 1623 auuor

73 1644 119 1706 est
138 1643 222 1705 Juba.
243 1644 319 1704 Mihi
332 1644 369 1703 ad
387 1642 484 1704 Persas
506 1645 594 1704 etiam
614 1645 693 1723 pribs
704 1641 759 1705 ista

73 1723 219 1810 portasse,
258 1724 323 1784 ubm
342 1727 372 1785 in
392 1721 508 1806 Syriam
517 1742 564 1785 aut
575 1724 656 1807 AEgy
677 1741 757 1800 tum,

73 1747 404 1879 uidmtur‚b{erodoto
422 1805 514 1880 teste,
533 1808 583 1889 qui
602 1745 690 1866 trasst
700 1808 760 1866 sin·

74 1882 145 1974 ‘gula
163 1888 255 1951 millia
271 1886 409 1948 talentstm
426 1888 515 1949 thuris
538 1908 631 1948 annua
653 1889 762 1968 pensi·-

75 1968 147 2033 taffe
164 1968 276 2031 Arabas
298 1967 413 2050 regibus
435 1967 593 2031 Persarum.
788 1988 791 1991 ’

75 2095 78 2101 .
118 2048 164 2110 Ex
181 2046 265 2130 Syrias
278 2050 421 2110 revehunt
433 2048 597 2131 styracem,
609 2050 667 2110 acri
682 2047 759 2110 odo·

76 2152 110 2192 re
134 2127 195 2209 ejus
214 2132 244 2193 in
264 2128 338 2193 focis
364 2132 511 2212 abigentes
537 2130 653 2198 suorum
678 2129 759 2190 sasti-

76 2213 169 2277 dium.
189 2208 318 2285 Cotem,
339 2212 469 2273 nonalia
488 2212 557 2291 ligni
594 2232 679 2272 entra
692 2209 762 2272 sunt·

78 2296 108 2357 in
125 2291 196 2367 usu,
216 2291 303 2374 qubm
334 2290 476 2353 odorata:
498 2233 634 2351 cibosue
665 2289 761 2350 Sabaei

78 2391 208 2457 coquunt
225 2375 315 2433 thuris
328 2372 425 2453 ligno,
441 2370 489 2430 alii
509 2313 656 2450 myrbbae,
672 2372 762 2451 oppi-

78 2457 186 2517 domm
210 2457 402 2535 vicorumque
428 2473 490 2514 non
516 2452 595 2524 alio,
616 2448 703 2533 qubm
723 2468 762 2514 ert

79 2538 156 2610 aris,
170 2534 252 2597 sumo
274 2550 360 2616 atque
381 2533 499 2595 nidore.
518 2534 569 2595 Ad
590 2534 666 2593 hunc
688 2551 762 2626 ergo

81 2616 238 2677 sanandum
255 2631 340 2674 urunt
355 2611 501 2695 styracem
518 2616 548 2674 in
566 2613 691 2696 pellibus
705 2613 763 2672 brr-

79 2699 172 2768 cinis,
196 2694 369 2776 suffiuntque
391 2695 472 2756 testa.
497 2695 587 2757 Adeo
613 2693 690 2759 nulla
716 2690 761 2755 est

79 2778 238 2860 uoluptas,
259 2797 323 2857 quae
341 2797 401 2841 non
424 2774 591 2839 assiduitate
615 2773 760 2844 fastidium
792 2805 797 2813 ¹
900 2792 904 2803 ’

77 2861 181 2943 pariat.
196 2855 391 2925 Eundem&
406 2856 443 2947 aci
454 2855 605 2999 'serpentsss
617 2854 764 2950 ⁸fugandas

616 2959 638 3020 ¹1
