1975 3575
232 294 277 365 Η
284 312 460 364 raror.
478 294 551 364 Lib.
570 292 666 366 XIII.
722 315 783 391 57‘

1 479 6 488 ,
61 414 227 478 abundat:
245 415 412 496 rumpitque
424 412 453 475 se
465 416 547 495 pomi
561 416 648 495 ipsius
658 458 668 487 ,
677 414 766 476 etiam

1 498 6 566 f
65 500 99 558 iu
123 496 180 557 sul
199 513 308 567 matre,
324 497 466 569 ebrietas,
488 496 601 555 calcatis
619 495 726 559 similis.

1 573 7 593 ”
110 575 214 637 Suum
239 596 328 659 genus
347 596 363 636 e
381 578 504 637 sicciore
530 575 615 636 turbl
636 573 766 654 junceis,

1 656 3 671 ³
63 655 767 742 praelongagracilitatecurvatisinterramNam

91 760 150 800 uas
172 760 210 800 ex
222 739 265 798 his
277 736 381 798 honori
394 737 519 798 deorum
537 738 665 798 dicamus
676 782 686 813 ,
698 738 769 817 chy·

65 762 162 882 garos
182 817 340 900 appellavit
359 817 475 891 Judaea,
498 817 770 900 genswontumelil

65 900 237 961 numinum
258 901 311 959 insi
331 900 384 959 nir.
407 897 441 958 In
454 915 549 960 totum
562 917 676 960 arentes
688 897 772 960 The·

65 981 174 1046 haidis
193 997 279 1061 atque
299 918 435 1052 stabiae,
458 1000 616 1061 macroque
646 999 772 1061 corpore

67 1062 202 1135 exiles,
220 1063 253 1123 &
268 1060 385 1121 assiduo
400 1080 510 1142 vapore
527 1076 685 1132 torrentes,
707 1081 774 1120 cru-

66 1139 156 1205 stam
197 1143 313 1215 verilis,
341 1139 428 1223 quim
456 1158 553 1209 cutem
564 1147 582 1215 ¹,
612 1141 771 1204 obducunt.

67 1223 112 1285 In
137 1218 206 1305 ipra
224 1221 343 1304 quidem
363 1221 512 1305 AEthiopil
532 1222 648 1296 friatur,
669 1220 771 1302 (tanta
832 1220 850 1302 ⁸.

68 1302 123 1368 est
146 1305 284 1376 siccitas,
298 1300 313 1383 )
336 1302 368 1363 δι
381 1300 478 1362 sarinae
492 1304 583 1364 modo
604 1300 730 1397 spiffatur
741 1305 772 1363 in

69 1404 208 1469 panem.
227 1381 365 1465 Gignitur
390 1400 486 1443 autem
510 1385 540 1442 in
557 1381 660 1443 frutice
687 1385 773 1442 ramis

72 1465 280 1537 cubitalibus,
297 1461 370 1523 folio
388 1464 508 1535 latiore,
520 1483 612 1544 pomo
628 1463 773 1535 rotundo,

73 1546 133 1608 sed
152 1545 287 1628 majore,
297 1543 384 1685 quim
393 1544 481 1618 mali,
493 1543 684 1626 amplitudine
696 1567 703 1605 :
716 1547 776 1605 coi·

75 1649 131 1690 cas
152 1642 277 1687 vocant.
329 1626 439 1686 riennio
466 1623 677 1689 maturescunt:
696 1622 775 1686 sem-

103 1729 137 1769 er
184 1706 309 1767 esrutici
318 1726 439 1847 quinum
452 1704 494 1766 est
510 1705 694 1767 subnascente
706 1707 774 1767 alio.

115 1792 154 1850 he
179 1790 253 1849 aidis
271 1783 317 1847 sru
345 1809 377 1847 us
393 1790 541 1870 extemplo
558 1792 587 1849 in
599 1788 686 1849 cados
705 1810 776 1850 con·

82 1871 187 1943 ditur,
210 1889 276 1931 cum
298 1866 339 1930 sui
356 1870 465 1930 ardoris
485 1871 596 1932 animi:
614 1872 643 1930 ni
654 1872 694 1930 ita
705 1868 777 1942 siat,

84 1953 226 2013 celeriter
246 1946 299 2010 exs
316 1951 386 2011 irat:
405 1950 609 2033 marcescitque
621 1972 681 2011 non
697 1969 778 2012 reto·

87 2033 150 2094 slus
167 2028 271 2092 furnis.
287 1973 331 2090 ἔκ
349 2031 460 2113 reliquo
475 2052 581 2114 genere
599 2032 722 2113 plebeiae
735 2034 778 2091 vi·

5 2132 6 2137 *
89 2114 210 2174 dentur.
226 2109 338 2194 Syri&
358 2112 429 2174 Iuba
446 2129 603 2195 tragemata
623 2134 659 2193 ap
682 2112 779 2173 ellam.

4 2196 9 2221 ³
89 2193 174 2256 Nam
200 2197 231 2254 in
257 2191 314 2253 alil
338 2210 420 2273 parte
450 2192 630 2266 Phoenices,
651 2134 779 2257 gilicia-

5 2272 12 2341 ξ’
93 2295 178 2359 que,
201 2274 332 2356 populari
364 2277 454 2333 etiam
477 2276 780 2355 nomineanobisap·

5 2347 15 2387 ‘³
96 2356 236 2438 pellantur
268 2352 374 2414 balani.
405 2350 516 2413 Eorum
554 2372 671 2434 quoque
717 2353 782 2433 plu·

6 2434 18 2470 ⁵⁹
98 2458 130 2497 ra
146 2456 261 2519 genera.
277 2431 427 2495 Disserunt
444 2432 537 2517 figuti
545 2432 725 2493 rotunditatis
734 2450 782 2494 aut

11 2579 14 2591 p
101 2519 290 2599 proceritatis.
312 2513 461 2577 Differunt
478 2515 512 2577 δι
530 2513 649 2588 colore,
670 2515 781 2595 nigrio-

11 2592 23 2631 '5
101 2619 145 2659 res
163 2618 195 2657 ac
213 2597 361 2658 rubentes.
391 2595 456 2657 Nec
477 2598 629 2678 pauciores
647 2593 706 2655 sico
725 2611 783 2654 rra·

101 2680 202 2740 duntur
233 2676 361 2738 colores.
392 2675 521 2746 Maxime
546 2693 644 2738 tamen
666 2676 783 2758 placent

8 2756 15 2835 f
102 2758 223 2823 candidi.
232 2754 442 2818 Distaut&ma
463 2757 592 2818 nitudine
602 2777 610 2818 r
621 2758 782 2838 prourmul·

8 2838 11 2847 '
103 2839 268 2904 ticubitum
288 2834 420 2903 effecere.
437 2777 567 2921 &uidam
578 2836 641 2898 sunt
653 2859 712 2899 non
723 2859 783 2900 am·

606 2910 673 2991 Cr
