1975 3575
22 125 24 248 i

22 261 24 274 .
124 218 127 223 ¹
218 191 666 284 HatroR.Lib.XV1L
715 217 788 294 299

22 325 24 384 ξ
117 331 193 385 cente
210 315 300 379 Luni.
323 315 425 376 Vincis
448 336 525 376 anno
546 318 649 379 siccata
667 312 785 409 utilior,

115 398 194 479 quim
212 396 325 457 viridis.

22 467 23 492 i
117 528 121 535 .
149 476 287 545 XXXIV.
306 474 446 541 Castanea
456 477 633 561 pedamentis
650 480 785 541 omnibus

114 558 254 640 praefertur
274 556 407 641 facilitate
433 557 588 642 trebiatis,
634 560 785 622 erdurandi

112 639 288 778 pervicaciai,
307 641 548 721 regerminatione
565 581 664 700 cardui
677 641 728 701 vel
743 639 786 702 sa·

125 720 163 780 ‘ce
181 721 282 789 laetior.
300 717 416 799 Quaerir
431 718 524 783 solum
541 719 649 793 sacile,
671 741 725 781 nec
739 736 784 781 ta-

114 817 176 861 rnen
196 798 345 862 arenosum
361 819 370 860 ε
385 800 568 883 maximeque
590 798 719 861 sabulum
730 800 787 861 hu*

113 880 233 955 miduni,
248 897 297 942 aut
311 880 534 955 carbunculum,
552 881 602 943 vel
622 879 675 942 tufi
696 881 786 943 etiarn

22 965 23 974 ’
112 959 245 1037 farinam,
260 961 420 1044 quamlibet
435 980 553 1043 opaco,
572 960 790 1042 septemtriona-⁴

21 1105 25 1126 ,
112 1041 236 1123 lique&
274 1041 418 1125 raesrigido
438 1041 574 1118 situ‚vel
594 1044 680 1104 etiam
695 1043 787 1104 decli·

111 1124 149 1182 ni.
159 1121 240 1184 Recu
252 1140 282 1183 ar
295 1125 397 1184 eadem
403 1123 542 1206 glaream,
550 1122 708 1197 rubricam,
719 1144 785 1185 cre·

111 1218 189 1276 tam,
208 1224 386 1286 omnemque
404 1221 486 1264 terrae
503 1202 716 1265 secunditatem.
734 1203 789 1266 Se·

110 1287 134 1344 ri
149 1289 227 1346 nuce'
241 1285 383 1357 diximus,
397 1283 446 1345 sed
466 1287 520 1344 nisi
532 1305 569 1345 ex
580 1287 711 1344 maximis
723 1305 785 1346 non

130 1368 262 1438 rovenit,
281 1386 336 1426 nec
355 1368 408 1426 nisi
423 1367 516 1448 quinis
536 1366 693 1425 acervatim
709 1362 787 1428 satio.
874 1362 877 1365 Δ

108 1387 247 1529 §ecfringi
262 1445 355 1511 solum
377 1447 465 1508 debet
476 1445 579 1528 suprai,
595 1466 633 1505 ex
652 1444 787 1506 Novem·

107 1527 151 1595 bri
160 1526 259 1589 mense
270 1530 300 1588 in
308 1527 510 1589 Februarium:
524 1547 584 1609 quo
594 1524 693 1586 solurae
705 1524 789 1607 spon·

107 1625 138 1671 te
155 1609 263 1669 cadunt
282 1628 320 1669 ex
342 1608 559 1691 arbore,atque
571 1605 787 1670 subnascuntur.
833 1662 839 1677 ,

107 1686 262 1755 Intervalla
281 1691 337 1750 sint
358 1689 488 1771 pedalia,
504 1688 633 1770 undique
642 1687 721 1749 sulco
733 1688 788 1750 do·

107 1770 237 1834 dranrali.
251 1769 295 1832 Ex
306 1770 363 1832 hoc
374 1767 527 1833 seminario
540 1767 745 1832 transferuntur
756 1772 787 1832 in

22 1878 23 1881 ¹
106 1853 208 1927 aliud,
225 1852 351 1934 bipedali
367 1852 543 1924 intervallo,
571 1851 635 1932 plus
655 1851 787 1914 biennio.

102 1932 179 1995 'Sunt
190 1934 224 1995 &
231 1935 417 2015 propagines,
427 1935 498 1993 nulii
508 1931 624 2014 quidem
632 1930 790 1995 faciliores.

105 2014 228 2090 Nudatd
246 2016 325 2074 enim
341 2014 454 2086 radice,
470 2030 533 2074 tora
557 2013 588 2071 in
611 2010 689 2072 sulco
719 2034 790 2095 pro·
871 2026 873 2032 '

105 2094 254 2166 stemitur.
274 2092 355 2154 Tum
372 2115 409 2154 ex
424 2095 574 2154 cacumine
587 2089 788 2172 suprarerrarn

104 2175 210 2239 relidio
233 2171 405 2246 renascitur,
419 2174 452 2235 δι
472 2174 528 2233 alia
546 2172 583 2231 ab
599 2172 705 2232 radice.
731 2170 791 2236 sed

104 2254 241 2322 transsata
259 2251 347 2314 nescit
359 2251 512 2335 hospitari,
523 2269 667 2334 pavetque
677 2253 791 2314 novita-

104 2358 180 2402 tem.
194 2336 319 2399 Biennio
336 2333 398 2395 fere
416 2331 517 2414 postea
527 2331 647 2415 prosilit.
657 2329 791 2393 ideonu-

104 2422 192 2482 cibus
212 2418 327 2499 potius,
344 2415 431 2498 quim
446 2413 671 2485 viviradicibus,
682 2412 792 2493 planta·

104 2505 148 2567 ria
167 2500 269 2563 caedua
297 2500 338 2558 im
360 2498 465 2558 lentur.
488 2493 609 2557 Cultura
633 2512 694 2553 non
716 2496 791 2569 alia,

104 2581 200 2666 quiam
217 2520 407 2720 supradidis,
427 2577 573 2640 fodiendis
595 2573 794 2657 supputandis·

150 2682 236 2757 eper
274 2661 401 2754 iennium
413 2658 556 2742 sequens:
574 2656 611 2717 de
622 2673 722 2717 cetero
731 2652 791 2740 ipsa

118 2764 147 2836 e·
156 2742 252 2830 cobt,
262 2741 365 2804 urnbrd
378 2740 509 2820 stoionet
521 2739 714 2901 supeffios
724 2757 791 2807 φεύ
