1975 3575
212 267 216 272 =
271 209 573 315 miron-ul.
603 244 684 318 xri.
736 265 787 343 39

137 359 283 422 Lacrimae
305 360 457 442 probatio,
474 379 505 422 ut
522 365 558 423 sit
596 365 715 446 inguis,
739 383 786 427 te·

99 446 187 515 nuis,
205 463 239 502 ac
256 442 371 502 modice
382 443 461 517 rusa,
472 445 505 504 δι
523 447 550 502 in
567 384 695 506 sricando
708 447 786 507 odo·

99 540 168 582 rata.
191 520 341 582 Secundus
362 523 490 583 candido
510 524 784 606 colos,pejorviri·

99 604 144 663 dis
164 601 342 685 crassusque,
361 608 502 683 pessimus
519 607 617 687 niger:
633 611 740 688 quippe
752 627 785 670 ut

95 685 201 745 oleum
219 681 349 744 senescit.
369 684 412 744 Ex
426 687 508 745 omni
524 684 644 746 incisurh
659 691 784 750 maxime

94 766 260 847 probatur,
272 765 352 845 quod
372 784 438 826 ante
458 764 556 828 semen
569 768 660 828 fluxit.
673 768 709 829 Et
718 770 786 831 aliis

92 846 275 905 adulteratur
295 844 408 906 seminis
424 845 528 920 succo,
547 851 657 931 vixque
674 850 788 911 malefi-

94 929 179 988 cium
200 927 426 1006 deprehenditur
446 926 528 1009 gustu
547 931 709 990 amariore:
729 929 786 992 esse

93 1009 180 1069 enitn
200 1006 288 1067 debet
306 1008 400 1082 lenis,
423 1028 484 1068 non
506 1008 675 1083 subacidus,
693 1012 788 1073 odore

92 1091 214 1149 tantirnr
240 1086 377 1150 austerus.
399 1088 578 1152 Vitiatur&
599 1092 668 1151 oleo
697 1091 787 1164 rosae,

93 1172 206 1252 cypri,
218 1168 346 1242 lentisci,
365 1170 479 1241 balani,
497 1172 668 1244 terebinthi,
678 1179 787 1253 myrti,

93 1250 218 1324 recinit,
235 1250 358 1333 galbano
369 1296 378 1325 ,
399 1253 465 1311 ceti
476 1254 578 1333 cyprii
589 1298 598 1327 ,
609 1272 697 1333 prout
706 1276 787 1335 quae·

92 1352 159 1415 que
182 1352 227 1391 res
244 1330 308 1394 suit.
327 1330 512 1413 Nequissime
535 1350 633 1392 autem
658 1339 786 1414 gummi,

93 1414 240 1494 quoniam
256 1411 389 1473 inarescit
410 1415 439 1473 in
458 1432 546 1472 manu
565 1415 698 1488 inversi,
713 1415 745 1475 δι
758 1418 788 1475 in

91 1494 176 1576 aqud
195 1494 281 1554 sidit:
295 1514 358 1575 quae
375 1494 510 1575 probatio
530 1497 646 1577 gemina
664 1494 714 1555 est.
726 1494 789 1557 Dc·

92 1575 152 1636 bet
165 1576 310 1635 sincerum
321 1573 523 1637 &inarescere
534 1597 541 1636 t
553 1575 602 1637 sed
611 1576 668 1636 hoc
679 1597 789 1659 egum·

92 1658 141 1716 mi
162 1655 290 1716 arescere
313 1656 409 1716 addita
438 1656 531 1739 fragili
560 1654 654 1717 crusti
677 1661 788 1720 evenit.

96 1736 137 1798 Et
154 1736 237 1819 guslu
263 1737 498 1820 deprehenditur.
522 1735 660 1800 Carbone
688 1740 786 1814 verb,

100 1819 183 1899 quod
205 1818 271 1879 ceri
290 1820 441 1901 resinique
457 1820 651 1896 adulteratum
670 1818 730 1894 est,
746 1823 787 1881 ni·

99 1902 198 1981 griore
220 1900 344 1961 flammi.
368 1899 444 1960 Nam
462 1901 548 1962 melle
571 1919 714 1962 mutatum
729 1901 787 1962 sla·

99 1984 157 2040 tim
175 1983 205 2040 in
229 2002 315 2041 manu
336 1982 479 2042 contrahit
504 1981 627 2042 muscas.
644 1982 787 2043 Praeterea

100 2063 208 2121 sinceri
225 2061 357 2123 densatur
375 2065 404 2123 in
424 2063 524 2144 tepidi
547 2064 621 2145 aqud
649 2081 729 2146 gutta
748 2065 787 2122 si-

100 2142 178 2202 dens
198 2142 234 2202 ad
252 2146 309 2203 ima
328 2143 410 2219 vasa,
434 2144 592 2206 adulterata
612 2143 671 2205 olei
692 2144 787 2205 modo

97 2226 228 2283 innatat:
242 2225 274 2286 &
291 2226 314 2284 si
331 2244 412 2284 meto
432 2228 463 2299 io
483 2228 584 2284 vitiata
601 2223 658 2294 eil,
678 2226 789 2285 circulo

99 2305 227 2365 candido
254 2307 386 2387 cingitur.
413 2247 532 2364 iumma
556 2306 690 2383 probatio
717 2304 789 2377 est,

99 2402 134 2446 ut
155 2386 199 2445 lac
214 2388 367 2469 coagulet,
382 2388 412 2446 in
432 2382 513 2446 vesle
532 2383 657 2442 maculas
672 2404 732 2443 non
749 2383 789 2443 sa-

98 2469 168 2526 ciat.
186 2466 252 2527 Nec
268 2466 445 2527 manifestior
469 2465 537 2525 alibi
555 2462 655 2526 fraus:
680 2466 789 2604 quippe

83 2547 230 2619 ¹millibus
241 2548 410 2621 denarium,
431 2546 544 2607 sextarii
559 2547 650 2627 empti
660 2564 719 2606 ven
741 2566 791 2604 en·

99 2645 132 2688 te
155 2626 224 2688 fisco
247 2631 384 2689 trecentis
406 2628 556 2701 denariis,
583 2642 734 2688 veneunt:
753 2625 789 2686 ln

99 2724 215 2769 tantum
230 2710 347 2790 expedit
362 2710 630 2851 augereliquorem.
642 2706 790 2791 Xylobal·

99 2788 183 2851 samo
205 2792 333 2872 pretium
351 2793 381 2853 in
414 2791 490 2853 ibras
507 2811 536 2852 x.
560 2809 597 2854 v.
