1975 3575
222 255 627 369 flaminino.
684 305 751 376 117

78 395 139 477 apii
156 392 281 467 semine,
298 396 465 472 abrotono,
482 395 653 473 mentastro,
672 403 751 475 ruta,

78 477 200 557 heperi,
213 475 355 557 serpyllo,
366 478 522 539 marrubio.
534 479 696 542 Manionlos
705 482 751 542 bi·

79 577 135 617 nos
153 557 274 617 condunt
290 558 320 616 in
341 558 445 618 cadum
456 557 557 632 musti,
569 560 601 621 ὃ(
611 544 751 641 iapaesex·
861 562 865 569 ’

78 639 195 713 tarium,
213 638 245 699 &
263 658 345 718 rquae
369 641 486 698 marinae
502 638 657 701 heminam.
670 640 750 702 Ena·
837 704 842 714 ,

78 718 124 798 pis
143 715 190 790 fit,
207 715 295 777 duhm
304 717 487 779 denariorum
498 720 631 800 pondere
646 722 676 780 in
690 720 750 782 sex·

81 800 166 857 tarios
193 798 277 857 binos
299 796 382 858 musti
408 798 529 860 addito:
545 803 617 861 item
633 820 650 861 e
667 798 752 861 scillae

78 877 181 938 radice.
197 876 274 938 Inter
294 879 382 938 flores
397 899 435 939 ex
454 878 525 939 rosae
546 879 624 941 foliis
640 883 710 940 tusis
722 883 773 942 in'

79 958 195 1018 linteolo
216 960 247 1016 in
263 957 388 1019 mustum
408 959 539 1033 collatis,
553 959 755 1042 cumpondus·

79 1039 164 1108 culo,
182 1054 212 1098 ut
226 1039 323 1112 sidat,
343 1056 396 1098 xi..
415 1039 547 1120 pondere
571 1040 755 1102 denariorum

80 1121 110 1179 in
124 1117 254 1180 sextarios
273 1121 393 1180 vicenos
416 1118 516 1193 musti,
532 1141 587 1181 nec
607 1137 672 1181 ante
694 1138 754 1182 tres

80 1198 189 1262 menses
206 1197 275 1261 vase
292 1217 403 1282 aperto.
426 1199 500 1261 Item
518 1220 535 1261 e
555 1202 646 1264 nardo
657 1199 754 1264 Galli-

81 1297 136 1352 co,
155 1281 187 1342 &
206 1279 284 1339 aliud
306 1301 323 1341 e
340 1278 472 1342 silvestri.

120 1359 301 1421 Aromatiten
320 1381 439 1444 quoque
460 1360 580 1421 invenio
598 1359 755 1423 faffintun

82 1444 189 1502 tanthm
210 1461 271 1503 non
291 1457 505 1522 unguentorum
524 1442 757 1525 compositione,

84 1523 174 1603 primo
194 1541 212 1580 e
237 1522 380 1601 myrrha,
407 1537 440 1582 ut
466 1523 611 1595 diximus,
629 1542 701 1582 mox
723 1523 757 1584 δι

83 1603 169 1662 nardo
187 1598 322 1677 Celtico,
338 1603 495 1676 calamo‚a
528 1602 639 1677 alatho,
650 1600 715 1663 offis
725 1604 756 1662 iri

84 1681 204 1744 mustum
223 1699 271 1742 aut
289 1682 373 1743 dulce
384 1683 485 1742 vinum
497 1600 626 1824 {sepeffis
645 1681 705 1743 Alii
717 1683 756 1745 de

84 1759 521 1842 talamo,junco‚cosso,nardo
549 1765 664 1845 yriaco,
676 1785 757 1826 amo·

84 1846 244 1939 mmmmm
255 1846 452 1920 cinnamomo,
460 1843 548 1906 troco
557 1888 567 1917 ,
573 1845 690 1985 palmi,
702 1845 757 1941 aia·

84 1925 330 2067 {t’ssssfflhii‘
340 1923 758 2067 s‘h‘iiihhihzh‘h

85 2087 155 2146 duos
175 2086 304 2172 additis:
322 2086 416 2168 qualia
440 2106 517 2147 nunc
539 2107 598 2167 quo
621 2106 656 2147 ue
682 2027 756 2147 hun
789 2110 794 2117 ·

86 2169 182 2250 pipere
204 2167 239 2228 &
260 2166 347 2227 melle
369 2166 486 2235 addito,
508 2187 572 2305 puae
591 2106 639 2225 ahi
653 2167 758 2229 'condi-

86 2265 131 2320 ta,
144 2248 192 2307 alii
202 2249 332 2328 piperata
343 2244 497 2327 appellant.
528 2248 760 2309 nvenitur&ne·

88 2327 193 2389 &trites
205 2346 242 2390 ex
257 2326 368 2398 herba,
387 2344 474 2406 quam
485 2322 531 2383 alii
540 2323 694 2397 helenion,
713 2325 761 2385 alii

87 2409 245 2480 medicam,
262 2408 310 2467 alii
328 2405 527 2487 symphyton,
541 2403 589 2464 alii
606 2402 712 2465 ldaeam
725 2406 761 2466 &

85 2486 243 2558 Orestion,
264 2488 310 2547 alii
337 2486 497 2546 neeiaream
523 2502 631 2547 vocant
642 2484 762 2556 ,radice

85 2571 225 2652 ponderis
246 2584 296 2629 xi.
314 2567 495 2628 denariorum
515 2567 544 2625 in
563 2564 701 2641 sextarios
712 2562 763 2629 *sex

87 2649 169 2709 musti
182 2648 301 2719 addita,
318 2648 449 2708 similiter
462 2650 492 2706 in
505 2646 605 2708 linteo.
706 2703 707 2708 ,
750 2673 759 2704 ,-

125 2729 167 2789 Ex
179 2731 285 2790 ceteris
304 2728 417 2801 herbis,
432 2725 465 2786 fit
481 2717 647 2787 absinthites
663 2728 693 2786 in
708 2740 762 2790 xz:

88 2806 215 2872 senariis
238 2807 342 2883 musti,
365 2807 498 2869 absinthii
507 2807 618 2870 Pontini
626 2807 698 2871 libra
708 2803 761 2881 ἀεὶ,
879 2834 880 2837 ¹
944 2814 947 2819 ’
