1975 3575
227 269 248 320 f
266 240 474 312 Histoi.
500 239 571 310 Lib.
596 237 680 309 XIL
735 261 779 336 35

89 360 220 441 Reliqua
255 360 387 433 robatio,
406 376 438 419 ut
455 360 536 440 niger
553 360 599 419 sit.
617 357 783 418 Damnatus

89 442 192 501 aliubi.
206 381 333 513 Nllrliom
352 442 411 521 qul>
425 440 563 512 brevior,
579 442 778 521 crassiorque,

92 526 127 583 ὃ(
147 524 246 582 lentus
265 519 482 602 infrangendo.
510 518 633 580 Calamo
652 522 779 602 pretium

92 606 124 664 in
154 603 261 673 libras,
294 619 342 662 x1.
362 599 477 681 junco,
502 618 561 661 xv.
590 598 780 683 Traduntque

89 682 214 764 juncum
256 681 412 743 odoratum
432 683 466 744 ὃ(
489 683 519 742 in
542 678 703 763 Campanid
736 684 781 755 5¹¹⁴.

89 784 199 826 ventri.

134 842 245 906 XLlX.
271 841 464 905 Discessitnus
483 844 601 915 aterris
624 841 780 906 Oceanum

88 923 286 1008 speclantibus
304 925 341 984 ad
364 945 511 986 convexas
528 926 559 984 in
575 922 672 983 nostra
681 927 781 985 maria.

136 1026 186 1087 23.
198 1004 276 1146 Ergo
284 1003 573 1087 AEthiopiaesubjeda
580 1004 682 1066 Africa
690 1004 782 1063 Ham·

88 1088 221 1147 moniaci
247 1088 383 1146 acrimarn
395 1084 515 1146 stillatin
524 1088 617 1146 arenis
628 1084 701 1145 suis:
714 1083 781 1175 (in-

89 1169 131 1234 de
147 1168 269 1228 nomine
282 1169 368 1227 etiarn
379 1165 554 1227 Hammonis
565 1166 704 1238 oraculo,
715 1187 779 1246 Jux-

87 1266 121 1308 ta
148 1248 231 1330 quod
251 1248 377 1329 gignitur
395 1246 539 1329 arborz)
567 1268 655 1330 quarn
681 1264 780 1308 meto·

88 1332 166 1411 pion
177 1344 302 1402 vocant,
313 1330 414 1388 resinae
425 1328 517 1387 modo
529 1346 578 1387 aut
589 1328 711 1409 gummi.
720 1325 779 1389 Ge·

91 1431 163 1470 nera
180 1406 243 1489 ejus
263 1410 322 1470 duo
334 1431 341 1469 ε
355 1406 527 1480 thrauston,
547 1407 664 1468 masculi
689 1408 780 1469 thuris

92 1490 300 1563 similitudine,
315 1490 396 1571 quod
414 1490 541 1549 maxime
570 1489 728 1571 probatur:
741 1489 781 1548 al·

90 1589 190 1632 terum
210 1572 366 1652 pingue&
381 1567 557 1644 resinosum,
573 1570 653 1652 quod
671 1569 781 1650 phyra-

93 1674 143 1714 ma
165 1653 322 1733 appellaut.
353 1650 541 1712 Adulteratur
567 1654 678 1724 arenis,
698 1651 780 1713 velut

92 1732 240 1799 nascendo
263 1732 457 1814 adprehensis.
475 1730 567 1815 lgitur
586 1731 674 1814 quam
699 1733 781 1792 mini·

92 1818 151 1877 mis
174 1815 268 1897 glebis
283 1813 442 1894 probatur,
463 1815 497 1876 dc
514 1813 601 1896 quam
611 1814 781 1894 purissimis.

92 1896 222 1957 Pretium
242 1897 347 1975 optimi
365 1898 394 1955 in
410 1896 517 1968 libras,
536 1893 606 1956 alles
625 1912 676 1956 xi..

133 1977 170 2039 L.
192 1975 342 2058 sphagnos
364 1973 438 2037 infra
460 1996 512 2036 eos
533 1978 603 2036 situs
626 1979 657 2035 in
671 1972 780 2057 ‘Cyre-

91 2058 180 2119 natea
205 2056 356 2139 provincial
386 2057 513 2117 maxim&
545 2057 711 2137 probatur,
731 2055 780 2116 alii

91 2140 197 2220 bryon
216 2152 333 2201 vocant.
362 2136 530 2198 Secundum
546 2139 645 2198 locum
663 2137 780 2198 obtinet

91 2218 246 2300 Cyprius,
262 2221 379 2280 tertium
388 2217 564 2279 Phoenicius.
587 2218 690 2279 Fertur
705 2220 738 2279 δι
748 2219 781 2278 in

91 2302 230 2384 AEgypto
245 2299 321 2361 nasci
331 2322 338 2359 :
350 2300 420 2380 quin
441 2300 474 2361 δι
492 2300 523 2356 in
541 2297 636 2358 Gallid
647 2321 655 2357 t
667 2296 782 2357 necdu-

90 2383 260 2443 bitaverim.
283 2379 463 2466 Suntxenim
486 2375 544 2436 hoc
576 2381 696 2436 nomine
720 2378 783 2436 cani

91 2464 231 2523 arborum
251 2462 336 2533 villi,
356 2458 455 2540 quales
475 2461 507 2519 in
530 2479 638 2540 quercu
657 2458 782 2518 maxime

92 2544 252 2616 videmus,
271 2540 319 2602 sed
334 2541 426 2602 odore
446 2537 622 2621 praestantes.
638 2537 714 2599 Laus
727 2541 783 2619 pri·

91 2645 142 2685 tna
169 2624 381 2685 candidissimis
404 2639 519 2702 ‚atque
548 2621 719 2681 altissimis:
742 2618 783 2681 se·

93 2706 191 2766 cunda
212 2704 331 2776 rutilis,
351 2703 428 2761 nulla
451 2703 546 2783 nigris.
572 2701 609 2762 Et
633 2703 664 2760 in
686 2698 784 2761 insulis

93 2784 244 2868 petrisque
275 2787 335 2867 uati
364 2784 601 2924 improbanturl:3
625 2780 788 2872 omnesque

622 2885 653 2944 Vl
