1975 3575
154 282 611 376 morannuxvss.
663 326 727 400 3¹¹

58 419 173 504 supinam
202 422 231 480 in
251 419 361 481 tellure
380 420 558 483 vindemiam
575 425 665 486 metit.
686 422 733 486 Si·

59 502 165 583 quidem
176 503 209 564 &
219 502 252 560 in
268 499 389 574 Africa,
411 503 444 564 dt
460 504 490 561 in
506 502 584 584 AEgy
606 521 637 565 to
649 550 659 579 ‚
672 503 732 587 Sy-

60 583 164 663 riique‚
183 603 218 642 ac
238 582 306 643 totd
324 581 414 657 Asia,
431 583 465 646 δι
481 524 731 646 multislocisEu·

60 682 127 745 ropae
144 662 189 723 hic
210 680 280 723 mos
322 662 447 724 raevalet.
457 661 502 723 lbi
512 683 583 746 ergo
592 661 670 745 juxta
679 681 734 726 ter·

61 762 112 802 rum
120 744 274 824 comprimi
288 684 591 817 dlebetvitisssodem
597 742 733 840 mododc

64 839 181 905 tempore
198 823 310 884 nutritd
328 824 444 900 radice,
460 844 520 906 quo
537 822 675 921 iniugati
690 847 737 887 vr·

63 906 124 964 nei:
134 921 164 964 ut
181 903 301 984 semper
312 904 435 986 pollices
447 906 558 966 tantium
570 907 740 987 relinquan-

61 999 115 1043 tur:
130 982 212 1045 fertili
226 984 293 1046 solo
307 1030 318 1059 ,
334 994 402 1045 cunt
421 985 513 1046 tribus
528 989 667 1068 gemmis:
700 1004 742 1046 ra·

63 1064 170 1140 ciliore,
192 1069 288 1149 quinis
312 1064 509 1148 :praestatque
535 1067 643 1126 multos
663 1005 739 1142 ele,

65 1143 136 1225 quim
144 1146 259 1230 longos.
271 1145 359 1227 Quae
369 1146 405 1206 de
414 1144 516 1207 naturd
529 1144 581 1206 soli
598 1147 740 1222 diximus,
811 1190 815 1203 .

65 1226 132 1320 tanto
186 1230 320 1290 tentiora
338 1226 515 1302 sentientur,
534 1229 641 1309 qrrantb
667 1248 740 1310 pro·

67 1325 119 1386 pror
168 1310 221 1370 erit
237 1330 305 1373 uva
322 1323 417 1369 terrae.

97 1384 207 1450 Genera
220 1389 374 1472 separari,
392 1409 425 1448 ac
436 1387 553 1470 singulis
565 1385 675 1450 conseri
688 1403 742 1450 tra·

70 1462 144 1528 dibus
152 1470 352 1547 utilissimum.
363 1468 492 1530 Mixtura
509 1470 586 1529 enim
602 1489 742 1552 generum

71 1549 142 1607 etiam
150 1551 179 1610 in
187 1544 279 1627 vind,
293 1571 356 1611 non
366 1550 457 1611 modo
466 1551 497 1608 in
508 1548 603 1610 musto
615 1548 738 1612 discors:

72 1645 111 1687 aut
128 1632 149 1689 si
167 1632 364 1702 misceantur,
374 1651 434 1692 non
448 1630 524 1704 alia,
540 1629 626 1712 quim
638 1631 744 1711 pariter

72 1710 276 1774 maturescentia
287 1756 299 1786 ‚
310 1709 396 1797 'jungi
414 1708 608 1772 necessarium.
622 1708 693 1795 Juga
704 1711 744 1772 al·

74 1788 157 1865 tiore,
219 1798 239 1857 ὸ
265 1795 362 1855 laetior
379 1812 463 1934 afer,
477 1795 510 1855 δι
530 1794 590 1932 pul>
607 1792 719 1873 planior
733 1812 744 1853 r

74 1868 134 1930 item
142 1892 174 1933 ro
187 1876 255 1936 cido
265 1920 276 1950 ,
288 1874 396 1936 nebulo
410 1896 446 1948 ο,
458 1875 538 1935 minti
551 1893 606 1954 que
620 1875 744 1935 ventoso

76 1957 250 2018 conveniunt.
274 1953 412 2029 Contri,
428 1954 582 2014 humiliora
603 1955 744 2035 gracili&

75 2032 160 2105 ando,
174 2035 319 2109 aestuoso,
339 2032 490 2115 ventisque
511 2035 654 2113 exposito.
673 2032 748 2115 luga

74 2110 107 2169 'ad
115 2114 321 2192 pedamentum
330 2114 417 2196 quim
425 2113 581 2174 ardissimo
592 2113 672 2174 nodo
680 2115 748 2172 vin-

75 2190 120 2250 ciri
135 2212 275 2277 oportet,
293 2196 386 2255 vitem
413 2194 474 2254 levi
497 2192 646 2253 contineri.
667 2190 748 2272 Quae

75 2277 172 2350 'genera
190 2277 318 2347 vitium,
337 2275 370 2335 &
392 2275 422 2333 in
439 2272 515 2354 quali
536 2270 599 2331 solo
618 2272 749 2353 caeloque

80 2349 158 2415 essent
167 2354 366 2430 conserenda,
382 2355 451 2414 cium
463 2369 694 2411 enumeraremus
705 2371 752 2421 ua·⁴

81 2444 147 2493 turas
165 2457 268 2497 earum
287 2438 320 2498 δι
331 2439 487 2508 vinorum,
509 2433 683 2492 notavimus.

115 2512 162 2576 De
180 2519 296 2601 reliquo
316 2517 394 2578 cultu
414 2514 607 2578 vehementer
628 2510 751 2593 ambigi-

82 2604 132 2655 tnt.
148 2595 282 2680 Plerique
302 2596 396 2659 aestate
415 2596 477 2657 toti
487 2590 553 2677 post
569 2593 696 2677 singulos
707 2612 754 2653 ro·

75 2677 123 2731 'res
150 2677 270 2740 confodi
296 2677 397 2761 jubent
421 2679 549 2739 vineam.
573 2672 634 2736 Alii
655 2688 756 2734 vetant

85 2768 291 2830 gemmantem:
306 2761 402 2821 decuti
419 2761 497 2819 enim
513 2754 633 2829 oculos,
651 2752 755 2819 tradu-

88 2850 137 2911 que
146 2838 308 2903 intrantium
323 2841 432 2903 deteri:
445 2840 478 2904 δι
497 2837 537 2901 ob
554 2834 585 2898 id
603 2835 756 2900 arcendum
