<?xml version="1.0" encoding="UTF-8"?>
<!DOCTYPE html PUBLIC "-//W3C//DTD XHTML 1.0 Transitional//EN"
    "http://www.w3.org/TR/xhtml1/DTD/xhtml1-transitional.dtd">
<html xmlns="http://www.w3.org/1999/xhtml" xml:lang="en" lang="en">
 <head>
  <title>
</title>
<meta http-equiv="Content-Type" content="text/html;charset=utf-8" />
  <meta name='ocr-system' content='tesseract 3.04.00' />
  <meta name='ocr-capabilities' content='ocr_page ocr_carea ocr_par ocr_line ocrx_word'/>
</head>
<body>
  <div class='ocr_page' id='page_1' title='image "./caiipliniisecun01goog_0327.png"; bbox 0 0 1975 3575; ppageno 0'>
   <div class='ocr_carea' id='block_1_1' title="bbox 180 256 743 385">
    <p class='ocr_par' dir='ltr' id='par_1_1' title="bbox 180 256 743 385">
     <span class='ocr_line' id='line_1_1' title="bbox 180 256 743 385; baseline 0.002 -25"><span class='ocrx_word' id='word_1_1' title='bbox 180 284 489 360; x_wconf 62' lang='lat' dir='ltr'>Phanotam.</span> <span class='ocrx_word' id='word_1_2' title='bbox 509 285 623 360; x_wconf 79' lang='lat' dir='ltr'>xvu.</span> <span class='ocrx_word' id='word_1_3' title='bbox 674 256 743 385; x_wconf 72' lang='grc' dir='ltr'>Ι3ος</span> 
     </span>
    </p>
   </div>
   <div class='ocr_carea' id='block_1_2' title="bbox 72 406 752 1776">
    <p class='ocr_par' dir='ltr' id='par_1_2' title="bbox 72 406 744 552">
     <span class='ocr_line' id='line_1_2' title="bbox 72 406 744 490; baseline 0 -20"><span class='ocrx_word' id='word_1_4' title='bbox 72 406 169 470; x_wconf 80' lang='lat' dir='ltr'>eadent</span> <span class='ocrx_word' id='word_1_5' title='bbox 190 409 314 471; x_wconf 80' lang='lat' dir='ltr'>valitura</span> <span class='ocrx_word' id='word_1_6' title='bbox 331 408 361 467; x_wconf 89' lang='lat' dir='ltr'>in</span> <span class='ocrx_word' id='word_1_7' title='bbox 380 408 462 468; x_wconf 89' lang='lat' dir='ltr'>ontni</span> <span class='ocrx_word' id='word_1_8' title='bbox 482 426 612 490; x_wconf 83' lang='lat' dir='ltr'>genere,</span> <span class='ocrx_word' id='word_1_9' title='bbox 631 407 661 468; x_wconf 90' lang='lat' dir='ltr'>iu</span> <span class='ocrx_word' id='word_1_10' title='bbox 684 407 744 475; x_wconf 80' lang='lat' dir='ltr'>boc</span> 
     </span>
     <span class='ocr_line' id='line_1_3' title="bbox 74 488 600 552; baseline -0.019 0"><span class='ocrx_word' id='word_1_11' title='bbox 74 492 139 552; x_wconf 76' lang='lat' dir='ltr'>verb</span> <span class='ocrx_word' id='word_1_12' title='bbox 156 489 340 550; x_wconf 84' lang='lat' dir='ltr'>numerosior</span> <span class='ocrx_word' id='word_1_13' title='bbox 354 488 478 548; x_wconf 77' lang='lat' dir='ltr'>tantum.</span> <span class='ocrx_word' id='word_1_14' title='bbox 598 539 600 542; x_wconf 77' lang='grc'>,</span> 
     </span>
    </p>

    <p class='ocr_par' dir='ltr' id='par_1_3' title="bbox 74 565 752 1776">
     <span class='ocr_line' id='line_1_4' title="bbox 102 565 742 649; baseline 0.003 -21"><span class='ocrx_word' id='word_1_15' title='bbox 102 590 145 630; x_wconf 88' lang='lat'>22.</span> <span class='ocrx_word' id='word_1_16' title='bbox 154 567 387 632; x_wconf 79' lang='lat' dir='ltr'>Hisverbttibus</span> <span class='ocrx_word' id='word_1_17' title='bbox 395 565 742 649; x_wconf 63' lang='lat' dir='ltr'>seriturmodisroptirnl</span> 
     </span>
     <span class='ocr_line' id='line_1_5' title="bbox 74 646 744 730; baseline -0.001 -20"><span class='ocrx_word' id='word_1_18' title='bbox 74 649 260 730; x_wconf 84' lang='lat' dir='ltr'>inpastinato,</span> <span class='ocrx_word' id='word_1_19' title='bbox 277 649 409 730; x_wconf 65' lang='lat' dir='ltr'>proxime</span> <span class='ocrx_word' id='word_1_20' title='bbox 426 646 523 723; x_wconf 89' lang='lat' dir='ltr'>sulco,</span> <span class='ocrx_word' id='word_1_21' title='bbox 543 648 696 708; x_wconf 67' lang='lat' dir='ltr'>novissime</span> <span class='ocrx_word' id='word_1_22' title='bbox 713 650 744 710; x_wconf 89' lang='lat' dir='ltr'>in</span> 
     </span>
     <span class='ocr_line' id='line_1_6' title="bbox 76 726 747 811; baseline -0.001 -22"><span class='ocrx_word' id='word_1_23' title='bbox 76 729 175 792; x_wconf 83' lang='lat' dir='ltr'><strong>scrobe.</strong></span> <span class='ocrx_word' id='word_1_24' title='bbox 187 730 237 792; x_wconf 90' lang='lat' dir='ltr'>De</span> <span class='ocrx_word' id='word_1_25' title='bbox 243 727 429 811; x_wconf 86' lang='lat' dir='ltr'>pastinatione</span> <span class='ocrx_word' id='word_1_26' title='bbox 436 728 545 789; x_wconf 68' lang='lat' dir='ltr'>rsrbium</span> <span class='ocrx_word' id='word_1_27' title='bbox 552 726 604 789; x_wconf 86' lang='lat' dir='ltr'>est.</span> <span class='ocrx_word' id='word_1_28' title='bbox 612 726 698 789; x_wconf 86' lang='lat' dir='ltr'>Sulto</span> <span class='ocrx_word' id='word_1_29' title='bbox 705 727 747 788; x_wconf 90' lang='lat' dir='ltr'>la·</span> 
     </span>
     <span class='ocr_line' id='line_1_7' title="bbox 76 807 747 892; baseline -0.003 -22"><span class='ocrx_word' id='word_1_30' title='bbox 76 811 160 881; x_wconf 82' lang='lat' dir='ltr'>titudo</span> <span class='ocrx_word' id='word_1_31' title='bbox 177 812 250 892; x_wconf 88' lang='lat' dir='ltr'>palae</span> <span class='ocrx_word' id='word_1_32' title='bbox 268 808 332 870; x_wconf 84' lang='lat' dir='ltr'>satis</span> <span class='ocrx_word' id='word_1_33' title='bbox 349 807 410 870; x_wconf 85' lang='lat' dir='ltr'>est:</span> <span class='ocrx_word' id='word_1_34' title='bbox 429 807 576 870; x_wconf 86' lang='lat' dir='ltr'>scrobibus</span> <span class='ocrx_word' id='word_1_35' title='bbox 596 825 747 875; x_wconf 83' lang='lat' dir='ltr'>ternorum</span> 
     </span>
     <span class='ocr_line' id='line_1_8' title="bbox 78 889 750 973; baseline -0.001 -23"><span class='ocrx_word' id='word_1_36' title='bbox 78 891 174 971; x_wconf 87' lang='lat' dir='ltr'>pedum</span> <span class='ocrx_word' id='word_1_37' title='bbox 182 894 489 973; x_wconf 81' lang='lat' dir='ltr'>inquantquepattetn.</span> <span class='ocrx_word' id='word_1_38' title='bbox 498 889 750 970; x_wconf 83' lang='lat' dir='ltr'>Altitudoiuquo·</span> 
     </span>
     <span class='ocr_line' id='line_1_9' title="bbox 78 968 750 1055; baseline -0.003 -25"><span class='ocrx_word' id='word_1_39' title='bbox 78 991 190 1055; x_wconf 87' lang='lat' dir='ltr'>rumque</span> <span class='ocrx_word' id='word_1_40' title='bbox 197 968 549 1054; x_wconf 80' lang='lat' dir='ltr'>generetripedalis,ideo</span> <span class='ocrx_word' id='word_1_41' title='bbox 558 990 611 1030; x_wconf 90' lang='lat' dir='ltr'>nec</span> <span class='ocrx_word' id='word_1_42' title='bbox 620 969 750 1030; x_wconf 80' lang='lat' dir='ltr'>vitirrui·</span> 
     </span>
     <span class='ocr_line' id='line_1_10' title="bbox 78 1047 749 1123; baseline 0.001 -13"><span class='ocrx_word' id='word_1_43' title='bbox 78 1072 126 1111; x_wconf 91' lang='lat' dir='ltr'>nor</span> <span class='ocrx_word' id='word_1_44' title='bbox 143 1051 286 1113; x_wconf 85' lang='lat' dir='ltr'>transferri</span> <span class='ocrx_word' id='word_1_45' title='bbox 306 1051 414 1123; x_wconf 88' lang='lat' dir='ltr'>debet,</span> <span class='ocrx_word' id='word_1_46' title='bbox 432 1047 572 1110; x_wconf 83' lang='lat' dir='ltr'>exstatura</span> <span class='ocrx_word' id='word_1_47' title='bbox 584 1051 749 1111; x_wconf 81' lang='lat' dir='ltr'>&#39;etiamnum</span> 
     </span>
     <span class='ocr_line' id='line_1_11' title="bbox 80 1129 749 1217; baseline 0 -27"><span class='ocrx_word' id='word_1_48' title='bbox 80 1131 178 1194; x_wconf 85' lang='lat' dir='ltr'>duabus</span> <span class='ocrx_word' id='word_1_49' title='bbox 199 1132 332 1217; x_wconf 79' lang='lat' dir='ltr'>genimis.</span> <span class='ocrx_word' id='word_1_50' title='bbox 349 1129 482 1191; x_wconf 87' lang='lat' dir='ltr'>Emolliri</span> <span class='ocrx_word' id='word_1_51' title='bbox 500 1146 606 1190; x_wconf 81' lang='lat' dir='ltr'>terrant</span> <span class='ocrx_word' id='word_1_52' title='bbox 629 1130 749 1190; x_wconf 82' lang='lat' dir='ltr'>minutia</span> 
     </span>
     <span class='ocr_line' id='line_1_12' title="bbox 80 1209 750 1292; baseline -0.001 -21"><span class='ocrx_word' id='word_1_53' title='bbox 80 1212 106 1271; x_wconf 87' lang='lat' dir='ltr'>in</span> <span class='ocrx_word' id='word_1_54' title='bbox 124 1212 223 1274; x_wconf 88' lang='lat' dir='ltr'>scrobe</span> <span class='ocrx_word' id='word_1_55' title='bbox 240 1214 301 1273; x_wconf 87' lang='lat' dir='ltr'>itno</span> <span class='ocrx_word' id='word_1_56' title='bbox 320 1210 433 1286; x_wconf 86' lang='lat' dir='ltr'>sulcis,</span> <span class='ocrx_word' id='word_1_57' title='bbox 461 1209 590 1292; x_wconf 83' lang='lat' dir='ltr'>fimoque</span> <span class='ocrx_word' id='word_1_58' title='bbox 613 1209 750 1284; x_wconf 82' lang='lat' dir='ltr'>misceri,</span> 
     </span>
     <span class='ocr_line' id='line_1_13' title="bbox 80 1288 749 1356; baseline -0.003 -4"><span class='ocrx_word' id='word_1_59' title='bbox 80 1293 263 1356; x_wconf 82' lang='lat' dir='ltr'>netess&#39;atium.</span> <span class='ocrx_word' id='word_1_60' title='bbox 282 1288 401 1355; x_wconf 87' lang='lat' dir='ltr'>Clivosa</span> <span class='ocrx_word' id='word_1_61' title='bbox 413 1291 530 1354; x_wconf 83' lang='lat' dir='ltr'>altiores</span> <span class='ocrx_word' id='word_1_62' title='bbox 560 1289 749 1351; x_wconf 88' lang='lat' dir='ltr'>oscuntscro·</span> 
     </span>
     <span class='ocr_line' id='line_1_14' title="bbox 80 1313 752 1458; baseline -0.003 -25"><span class='ocrx_word' id='word_1_63' title='bbox 80 1371 144 1450; x_wconf 84' lang='lat' dir='ltr'>bes,</span> <span class='ocrx_word' id='word_1_64' title='bbox 160 1391 299 1458; x_wconf 84' lang='lat' dir='ltr'>praetetea</span> <span class='ocrx_word' id='word_1_65' title='bbox 310 1373 475 1456; x_wconf 33' lang='lat' dir='ltr'>&#39;pulvinatis</span> <span class='ocrx_word' id='word_1_66' title='bbox 496 1393 513 1431; x_wconf 94' lang='lat' dir='ltr'>a</span> <span class='ocrx_word' id='word_1_67' title='bbox 533 1313 696 1432; x_wconf 60' lang='lat' dir='ltr'>severitate</span> <span class='ocrx_word' id='word_1_68' title='bbox 707 1369 752 1431; x_wconf 85' lang='lat' dir='ltr'>la·</span> 
     </span>
     <span class='ocr_line' id='line_1_15' title="bbox 80 1450 751 1536; baseline -0.004 -22"><span class='ocrx_word' id='word_1_69' title='bbox 80 1451 139 1525; x_wconf 85' lang='lat' dir='ltr'>bris.</span> <span class='ocrx_word' id='word_1_70' title='bbox 161 1455 224 1535; x_wconf 85' lang='lat' dir='ltr'>Qui</span> <span class='ocrx_word' id='word_1_71' title='bbox 238 1475 276 1530; x_wconf 85' lang='lat' dir='ltr'>ex</span> <span class='ocrx_word' id='word_1_72' title='bbox 291 1454 335 1514; x_wconf 86' lang='lat' dir='ltr'>his</span> <span class='ocrx_word' id='word_1_73' title='bbox 353 1453 501 1536; x_wconf 85' lang='lat' dir='ltr'>longiores</span> <span class='ocrx_word' id='word_1_74' title='bbox 518 1450 607 1526; x_wconf 87' lang='lat' dir='ltr'>fient,</span> <span class='ocrx_word' id='word_1_75' title='bbox 623 1468 656 1512; x_wconf 90' lang='lat' dir='ltr'>ut</span> <span class='ocrx_word' id='word_1_76' title='bbox 673 1452 751 1512; x_wconf 81' lang='lat' dir='ltr'>vitea</span> 
     </span>
     <span class='ocr_line' id='line_1_16' title="bbox 81 1531 751 1618; baseline 0.001 -27"><span class='ocrx_word' id='word_1_77' title='bbox 81 1532 151 1596; x_wconf 83' lang='lat' dir='ltr'>binas</span> <span class='ocrx_word' id='word_1_78' title='bbox 169 1538 310 1618; x_wconf 84' lang='lat' dir='ltr'>accipiant</span> <span class='ocrx_word' id='word_1_79' title='bbox 327 1555 343 1596; x_wconf 91' lang='lat' dir='ltr'>e</span> <span class='ocrx_word' id='word_1_80' title='bbox 365 1532 499 1607; x_wconf 85' lang='lat' dir='ltr'>diverso,</span> <span class='ocrx_word' id='word_1_81' title='bbox 512 1533 587 1594; x_wconf 87' lang='lat' dir='ltr'>alvei</span> <span class='ocrx_word' id='word_1_82' title='bbox 603 1531 751 1594; x_wconf 80' lang='lat' dir='ltr'>vocabun-</span> 
     </span>
     <span class='ocr_line' id='line_1_17' title="bbox 82 1609 750 1691; baseline -0.001 -18"><span class='ocrx_word' id='word_1_83' title='bbox 82 1629 130 1675; x_wconf 89' lang='lat' dir='ltr'>tur.</span> <span class='ocrx_word' id='word_1_84' title='bbox 157 1614 220 1678; x_wconf 77' lang='lat' dir='ltr'>Effe</span> <span class='ocrx_word' id='word_1_85' title='bbox 237 1617 306 1676; x_wconf 84' lang='lat' dir='ltr'>vitis</span> <span class='ocrx_word' id='word_1_86' title='bbox 325 1615 451 1675; x_wconf 88' lang='lat' dir='ltr'>radicem</span> <span class='ocrx_word' id='word_1_87' title='bbox 475 1616 505 1673; x_wconf 92' lang='lat' dir='ltr'>in</span> <span class='ocrx_word' id='word_1_88' title='bbox 528 1612 628 1674; x_wconf 89' lang='lat' dir='ltr'>medio</span> <span class='ocrx_word' id='word_1_89' title='bbox 648 1609 750 1691; x_wconf 73' lang='lat' dir='ltr'>scrobe</span> 
     </span>
     <span class='ocr_line' id='line_1_18' title="bbox 83 1693 750 1776; baseline -0.001 -23"><span class='ocrx_word' id='word_1_90' title='bbox 83 1713 205 1775; x_wconf 85' lang='lat' dir='ltr'>oportet:</span> <span class='ocrx_word' id='word_1_91' title='bbox 219 1695 268 1758; x_wconf 91' lang='lat' dir='ltr'>sed</span> <span class='ocrx_word' id='word_1_92' title='bbox 276 1694 366 1776; x_wconf 87' lang='lat' dir='ltr'>ipsam</span> <span class='ocrx_word' id='word_1_93' title='bbox 375 1697 500 1757; x_wconf 84' lang='lat' dir='ltr'>innixam</span> <span class='ocrx_word' id='word_1_94' title='bbox 514 1693 605 1755; x_wconf 90' lang='lat' dir='ltr'>solido</span> <span class='ocrx_word' id='word_1_95' title='bbox 615 1694 645 1753; x_wconf 91' lang='lat' dir='ltr'>in</span> <span class='ocrx_word' id='word_1_96' title='bbox 654 1694 750 1754; x_wconf 84' lang='lat' dir='ltr'>orien·</span> 
     </span>
    </p>
   </div>
   <div class='ocr_carea' id='block_1_3' title="bbox 82 1772 749 1999">
    <p class='ocr_par' dir='ltr' id='par_1_4' title="bbox 82 1772 749 1999">
     <span class='ocr_line' id='line_1_19' title="bbox 82 1772 749 1860; baseline 0.006 -27"><span class='ocrx_word' id='word_1_97' title='bbox 82 1789 135 1837; x_wconf 88' lang='lat' dir='ltr'>tenr</span> <span class='ocrx_word' id='word_1_98' title='bbox 153 1775 379 1860; x_wconf 70' lang='lat' dir='ltr'>aquinoslialetn</span> <span class='ocrx_word' id='word_1_99' title='bbox 408 1774 532 1860; x_wconf 66' lang='lat' dir='ltr'>speilare</span> <span class='ocrx_word' id='word_1_100' title='bbox 550 1796 558 1837; x_wconf 73' lang='grc' dir='ltr'><strong><em>ε</em></strong></span> <span class='ocrx_word' id='word_1_101' title='bbox 577 1772 749 1837; x_wconf 75' lang='lat' dir='ltr'>adminicula</span> 
     </span>
     <span class='ocr_line' id='line_1_20' title="bbox 84 1859 602 1999; baseline 0.006 -83"><span class='ocrx_word' id='word_1_102' title='bbox 84 1859 164 1936; x_wconf 83' lang='lat' dir='ltr'>printa</span> <span class='ocrx_word' id='word_1_103' title='bbox 179 1859 464 1999; x_wconf 57' lang='lat' dir='ltr'>e&#39;calatuoacciXere.</span> <span class='ocrx_word' id='word_1_104' title='bbox 596 1865 602 1874; x_wconf 90' lang='lat'>&#39;</span> 
     </span>
    </p>
   </div>
   <div class='ocr_carea' id='block_1_4' title="bbox 82 1937 754 2810">
    <p class='ocr_par' dir='ltr' id='par_1_5' title="bbox 82 1937 754 2642">
     <span class='ocr_line' id='line_1_21' title="bbox 82 1937 751 2018; baseline 0.003 -20"><span class='ocrx_word' id='word_1_105' title='bbox 82 1947 86 1953; x_wconf 82' lang='grc'><strong>“</strong></span> <span class='ocrx_word' id='word_1_106' title='bbox 118 1937 222 2001; x_wconf 79' lang='lat' dir='ltr'>Vincas</span> <span class='ocrx_word' id='word_1_107' title='bbox 246 1940 360 2000; x_wconf 89' lang='lat' dir='ltr'>limitati</span> <span class='ocrx_word' id='word_1_108' title='bbox 400 1959 542 1999; x_wconf 87' lang='lat' dir='ltr'>ecumano</span> <span class='ocrx_word' id='word_1_109' title='bbox 575 1954 670 2001; x_wconf 79' lang='lat' dir='ltr'>xvttt.</span> <span class='ocrx_word' id='word_1_110' title='bbox 695 1941 751 2018; x_wconf 63' lang='lat' dir='ltr'>pe³</span> 
     </span>
     <span class='ocr_line' id='line_1_22' title="bbox 87 2014 750 2081; baseline 0.002 -6"><span class='ocrx_word' id='word_1_111' title='bbox 87 2014 145 2078; x_wconf 87' lang='lat' dir='ltr'>tlutn</span> <span class='ocrx_word' id='word_1_112' title='bbox 158 2021 313 2081; x_wconf 86' lang='lat' dir='ltr'>latitudinis</span> <span class='ocrx_word' id='word_1_113' title='bbox 331 2018 367 2079; x_wconf 88' lang='lat' dir='ltr'>ad</span> <span class='ocrx_word' id='word_1_114' title='bbox 380 2020 538 2078; x_wconf 87' lang='lat' dir='ltr'>contrarios</span> <span class='ocrx_word' id='word_1_115' title='bbox 550 2018 750 2078; x_wconf 84' lang='lat' dir='ltr'>vehiculorum</span> 
     </span>
     <span class='ocr_line' id='line_1_23' title="bbox 84 2095 751 2180; baseline -0.003 -22"><span class='ocrx_word' id='word_1_116' title='bbox 84 2100 347 2180; x_wconf 16' lang='lat' dir='ltr'>‘transitusstliisque</span> <span class='ocrx_word' id='word_1_117' title='bbox 367 2097 535 2160; x_wconf 84' lang='lat' dir='ltr'>transversis</span> <span class='ocrx_word' id='word_1_118' title='bbox 553 2097 691 2158; x_wconf 84' lang='lat' dir='ltr'>limitibus</span> <span class='ocrx_word' id='word_1_119' title='bbox 701 2095 751 2157; x_wconf 84' lang='lat' dir='ltr'>de·</span> 
     </span>
     <span class='ocr_line' id='line_1_24' title="bbox 86 2175 753 2261; baseline 0.001 -25"><span class='ocrx_word' id='word_1_120' title='bbox 86 2178 146 2238; x_wconf 85' lang='lat' dir='ltr'>ntint</span> <span class='ocrx_word' id='word_1_121' title='bbox 170 2180 280 2261; x_wconf 89' lang='lat' dir='ltr'>pedum</span> <span class='ocrx_word' id='word_1_122' title='bbox 309 2176 439 2259; x_wconf 81' lang='lat' dir='ltr'>distingui</span> <span class='ocrx_word' id='word_1_123' title='bbox 454 2198 507 2256; x_wconf 87' lang='lat' dir='ltr'>per</span> <span class='ocrx_word' id='word_1_124' title='bbox 525 2177 621 2236; x_wconf 88' lang='lat' dir='ltr'>media</span> <span class='ocrx_word' id='word_1_125' title='bbox 642 2175 753 2257; x_wconf 73' lang='lat' dir='ltr'>jugera.</span> 
     </span>
     <span class='ocr_line' id='line_1_25' title="bbox 87 2255 752 2338; baseline -0.002 -19"><span class='ocrx_word' id='word_1_126' title='bbox 87 2255 141 2319; x_wconf 74' lang='lat' dir='ltr'>Aut</span> <span class='ocrx_word' id='word_1_127' title='bbox 160 2264 183 2321; x_wconf 89' lang='lat' dir='ltr'>si</span> <span class='ocrx_word' id='word_1_128' title='bbox 201 2256 295 2338; x_wconf 87' lang='lat' dir='ltr'>major</span> <span class='ocrx_word' id='word_1_129' title='bbox 310 2256 415 2317; x_wconf 84' lang='lat' dir='ltr'>modus</span> <span class='ocrx_word' id='word_1_130' title='bbox 434 2260 488 2329; x_wconf 84' lang='lat' dir='ltr'>sit,</span> <span class='ocrx_word' id='word_1_131' title='bbox 503 2255 626 2315; x_wconf 85' lang='lat' dir='ltr'>totidem</span> <span class='ocrx_word' id='word_1_132' title='bbox 642 2255 752 2337; x_wconf 78' lang='lat' dir='ltr'>pedum</span> 
     </span>
     <span class='ocr_line' id='line_1_26' title="bbox 85 2330 754 2421; baseline -0.004 -24"><span class='ocrx_word' id='word_1_133' title='bbox 85 2337 210 2416; x_wconf 72' lang='lat' dir='ltr'>cardine,</span> <span class='ocrx_word' id='word_1_134' title='bbox 228 2355 302 2421; x_wconf 90' lang='lat' dir='ltr'>quot</span> <span class='ocrx_word' id='word_1_135' title='bbox 325 2337 506 2404; x_wconf 85' lang='lat' dir='ltr'>decumano,</span> <span class='ocrx_word' id='word_1_136' title='bbox 523 2333 645 2394; x_wconf 86' lang='lat' dir='ltr'>limitati.</span> <span class='ocrx_word' id='word_1_137' title='bbox 670 2330 754 2394; x_wconf 85' lang='lat' dir='ltr'>Sem·</span> 
     </span>
     <span class='ocr_line' id='line_1_27' title="bbox 87 2411 754 2503; baseline -0.001 -26"><span class='ocrx_word' id='word_1_138' title='bbox 87 2437 132 2499; x_wconf 84' lang='lat' dir='ltr'>per</span> <span class='ocrx_word' id='word_1_139' title='bbox 147 2424 217 2483; x_wconf 78' lang='lat' dir='ltr'>verb</span> <span class='ocrx_word' id='word_1_140' title='bbox 236 2420 378 2503; x_wconf 83' lang='lat' dir='ltr'>quintanis</span> <span class='ocrx_word' id='word_1_141' title='bbox 398 2414 540 2489; x_wconf 85' lang='lat' dir='ltr'>semitari,</span> <span class='ocrx_word' id='word_1_142' title='bbox 561 2414 620 2476; x_wconf 89' lang='lat' dir='ltr'>hoc</span> <span class='ocrx_word' id='word_1_143' title='bbox 636 2411 700 2486; x_wconf 87' lang='lat' dir='ltr'>est,</span> <span class='ocrx_word' id='word_1_144' title='bbox 720 2427 754 2476; x_wconf 86' lang='lat' dir='ltr'>ut</span> 
     </span>
     <span class='ocr_line' id='line_1_28' title="bbox 87 2492 753 2585; baseline -0.012 -26"><span class='ocrx_word' id='word_1_145' title='bbox 87 2502 178 2580; x_wconf 91' lang='lat' dir='ltr'>quinto</span> <span class='ocrx_word' id='word_1_146' title='bbox 195 2521 312 2585; x_wconf 88' lang='lat' dir='ltr'>quoque</span> <span class='ocrx_word' id='word_1_147' title='bbox 332 2496 400 2582; x_wconf 86' lang='lat' dir='ltr'>palo</span> <span class='ocrx_word' id='word_1_148' title='bbox 422 2496 542 2580; x_wconf 79' lang='lat' dir='ltr'>singulae</span> <span class='ocrx_word' id='word_1_149' title='bbox 561 2492 631 2578; x_wconf 78' lang='lat' dir='ltr'>jugo</span> <span class='ocrx_word' id='word_1_150' title='bbox 643 2494 753 2579; x_wconf 61' lang='lat' dir='ltr'>pagina</span> 
     </span>
     <span class='ocr_line' id='line_1_29' title="bbox 87 2578 266 2642; baseline 0.022 -4"><span class='ocrx_word' id='word_1_151' title='bbox 87 2578 266 2642; x_wconf 85' lang='lat' dir='ltr'>includantur.</span> 
     </span>
    </p>

    <p class='ocr_par' dir='ltr' id='par_1_6' title="bbox 87 2651 754 2810">
     <span class='ocr_line' id='line_1_30' title="bbox 106 2651 753 2743; baseline -0.011 -23"><span class='ocrx_word' id='word_1_152' title='bbox 106 2657 171 2721; x_wconf 83' lang='lat' dir='ltr'>Solo</span> <span class='ocrx_word' id='word_1_153' title='bbox 181 2660 263 2743; x_wconf 81' lang='lat' dir='ltr'>spisso</span> <span class='ocrx_word' id='word_1_154' title='bbox 276 2707 285 2738; x_wconf 94' lang='lat'>,</span> <span class='ocrx_word' id='word_1_155' title='bbox 300 2661 422 2723; x_wconf 90' lang='lat' dir='ltr'>nonnisi</span> <span class='ocrx_word' id='word_1_156' title='bbox 433 2657 624 2741; x_wconf 83' lang='lat' dir='ltr'>repastinato,</span> <span class='ocrx_word' id='word_1_157' title='bbox 635 2674 688 2716; x_wconf 86' lang='lat' dir='ltr'>nec</span> <span class='ocrx_word' id='word_1_158' title='bbox 698 2651 753 2714; x_wconf 86' lang='lat' dir='ltr'>nisi</span> 
     </span>
     <span class='ocr_line' id='line_1_31' title="bbox 87 2733 754 2810; baseline -0.016 -3"><span class='ocrx_word' id='word_1_159' title='bbox 87 2739 267 2807; x_wconf 70' lang='lat' dir='ltr'>,viviradicem</span> <span class='ocrx_word' id='word_1_160' title='bbox 293 2742 368 2805; x_wconf 87' lang='lat' dir='ltr'>seri:</span> <span class='ocrx_word' id='word_1_161' title='bbox 384 2760 487 2804; x_wconf 87' lang='lat' dir='ltr'>tenero</span> <span class='ocrx_word' id='word_1_162' title='bbox 509 2740 541 2801; x_wconf 89' lang='lat'>&amp;</span> <span class='ocrx_word' id='word_1_163' title='bbox 566 2736 659 2800; x_wconf 88' lang='lat' dir='ltr'>soluto</span> <span class='ocrx_word' id='word_1_164' title='bbox 674 2779 685 2810; x_wconf 87' lang='lat'><strong>‚</strong></span> <span class='ocrx_word' id='word_1_165' title='bbox 703 2733 754 2797; x_wconf 78' lang='lat' dir='ltr'>vel</span> 
     </span>
    </p>
   </div>
   <div class='ocr_carea' id='block_1_5' title="bbox 85 2815 755 2901">
    <p class='ocr_par' dir='ltr' id='par_1_7' title="bbox 85 2815 755 2901">
     <span class='ocr_line' id='line_1_32' title="bbox 85 2815 755 2901; baseline -0.006 -16"><span class='ocrx_word' id='word_1_166' title='bbox 85 2820 263 2901; x_wconf 60' lang='lat' dir='ltr'>wdleolutn,</span> <span class='ocrx_word' id='word_1_167' title='bbox 278 2823 378 2899; x_wconf 81' lang='lat' dir='ltr'>sulco,</span> <span class='ocrx_word' id='word_1_168' title='bbox 398 2821 450 2888; x_wconf 80' lang='lat' dir='ltr'>vel</span> <span class='ocrx_word' id='word_1_169' title='bbox 466 2815 579 2883; x_wconf 81' lang='lat' dir='ltr'>scrobe.</span> <span class='ocrx_word' id='word_1_170' title='bbox 603 2815 641 2881; x_wconf 88' lang='lat' dir='ltr'>ln</span> <span class='ocrx_word' id='word_1_171' title='bbox 662 2815 755 2882; x_wconf 65' lang='lat' dir='ltr'>colica</span> 
     </span>
    </p>
   </div>
   <div class='ocr_carea' id='block_1_6' title="bbox 0 0 1009 3575">
    <p class='ocr_par' dir='ltr' id='par_1_8' title="bbox 0 0 1009 3575">
     <span class='ocr_line' id='line_1_33' title="bbox 0 0 1009 3575; baseline 0 0"><span class='ocrx_word' id='word_1_172' title='bbox 0 0 1009 3575; x_wconf 95' lang='lat' dir='ltr'> </span> 
     </span>
    </p>
   </div>
  </div>
 </body>
</html>
