1975 3575
148 244 386 358 ‚Hrsron
411 282 482 352 nb.
506 281 604 354 xiv,
666 304 729 356 101

41 396 142 478 sponte
155 399 374 478 provenientis.
385 397 558 460 Maroneum
569 399 658 461 vicies
669 417 734 461 tan·

42 496 73 545 to
88 478 199 538 addito
220 499 305 560 aquae
316 477 494 540 miscendum
505 479 651 540 Homerus
662 501 734 562 pto-

43 559 124 619 didir.
144 556 252 618 Durat
267 562 353 619 eciam
373 562 420 620 vis
438 560 541 622 eadem
557 562 586 619 in
595 560 670 620 terri
701 574 733 621 e·'

44 641 121 713 neri,
140 642 287 721 rigorque
315 639 481 701 indomitus.
515 639 639 722 Quippe
665 581 732 702 cim

44 717 202 780 Mucianus
226 737 273 780 tet
295 719 393 781 consul
412 741 448 780 ex
467 720 513 780 his
534 722 584 802 qui
604 742 644 781 nu
666 723 735 781 erri-

45 799 90 859 me
109 800 302 881 prodidere,
316 798 450 862 sextarios
470 801 600 882 singulos
620 741 736 882 odoge·

44 883 87 940 uis
105 901 191 961 aquae
210 878 325 940 misceri
335 902 401 942 com
423 884 510 942 eterit
520 880 644 962 praesens
657 883 688 940 in
697 901 736 941 eo

45 959 141 1021 παθη.
158 958 224 1021 Esse
244 977 342 1021 autem
361 903 461 1021 cosbte
479 964 610 1043 nigrum,
627 959 736 1021 odora·

47 1056 122 1115 rum,
139 1039 289 1102 vetustate
308 1039 504 1124 pinguescere.
526 1039 563 1102 Et
582 1040 735 1116 Pramnio3

48 1121 216 1201 quodidem
226 1120 733 1196 Homeruscelebravit‚etiamnunc

48 1200 139 1262 bonos
157 1202 257 1262 durat.
280 1200 412 1263 Nascitur
436 1201 569 1281 Smyrnae
591 1203 734 1284 regione,

49 1278 124 1360 juxta
141 1282 303 1343 delubrum
324 1281 427 1341 Matris
443 1282 542 1343 deiim.
563 1281 597 1342 ln
614 1282 731 1364 reliquis

51 1361 157 1422 claritas
176 1364 283 1445 generi
303 1383 363 1423 non
383 1360 445 1422 suit.

88 1444 184 1503 Alicui
207 1463 285 1504 anno
306 1441 361 1503 fuit
378 1443 510 1503 omnium
524 1461 664 1526 generum
676 1441 734 1503 bo·

52 1522 136 1597 nitas,
152 1523 188 1584 L.
209 1522 335 1605 Opimio
354 1521 487 1592 consule,
507 1526 573 1584 cium
589 1520 626 1585 C.
638 1520 735 1584 Grac·

56 1600 119 1662 drus
135 1606 272 1664 tribunus
293 1604 409 1685 plebem
425 1602 612 1664 seditionibus
623 1605 734 1686 agitans

55 1683 259 1766 interemptus:
272 1704 306 1744 ea
312 1685 373 1745 caeli
382 1685 536 1767 temperies
543 1683 734 1779 sulsit,quam

57 1761 195 1827 coduram
220 1782 344 1836 vocant,
366 1762 439 1827 Solis
457 1785 564 1847 opere,
582 1764 667 1826 natali
678 1763 734 1826 Ur·

58 1843 98 1903 bis
115 1862 285 1916 bcxxxnr.
303 1844 475 1930 Duranrque
497 1846 589 1908 adhuc
602 1847 671 1908 vina
681 1845 733 1906 du·

59 1926 142 1985 centis
163 1926 229 1988 fere
255 1929 351 1997 annis,
362 1924 419 2006 jam
437 1929 467 1987 in
482 1925 608 2007 speciem
619 1924 733 1987 sedada

60 2005 145 2066 meilis
172 2006 291 2088 asperi:
316 2010 422 2069 etenim
447 2008 510 2068 haec
537 2024 637 2067 natura
656 2008 734 2069 vinis

62 2085 88 2142 in
105 2086 247 2149 vetustate
258 2085 316 2149 est:
329 2109 383 2149 nec
393 2089 488 2171 potari
498 2108 551 2170 per
561 2086 589 2147 se
599 2103 732 2170 queunt,

63 2165 150 2227 sinon
167 2170 319 2250 pervincat
335 2189 430 2249 aqua,
446 2165 483 2227 us
498 2188 535 2228 ue
552 2169 583 2227 in
599 2170 736 2227 amatim·

63 2242 153 2306 dinem
172 2251 248 2309 carie
269 2248 421 2309 indomiti.
446 2190 506 2306 sed
525 2249 636 2306 ceteris
658 2247 741 2307 vinis

63 2326 293 2391 commendandis
305 2327 424 2388 minimi
435 2324 530 2408 aliqud
543 2325 666 2384 mixturd
675 2345 750 2384 me··

65 2403 218 2469 dicamenta
236 2407 431 2490 suntzqubd,
452 2424 484 2468 ut
508 2402 570 2486 ejus
595 2405 736 2485 temporis

64 2484 246 2550 estimatione
268 2491 299 2549 in
317 2489 440 2571 singulas
461 2487 617 2570 amphoras
642 2502 740 2545 cenre-

66 2566 92 2623 ui
105 2573 213 2630 nummi
230 2568 400 2641 statuantur,
413 2589 450 2629 ex
464 2568 508 2628 his
525 2585 645 2638 tamen,
655 2563 738 2627 usuri

66 2647 244 2730 multiplicati
254 2648 432 2721 semissibus,
444 2669 508 2730 quae
521 2649 613 2708 civilis
625 2667 658 2707 ac
669 2661 747 2705 mo·⁴

66 2724 123 2785 dica
139 2729 197 2802 est,
218 2732 248 2789 in
265 2728 330 2791 Caii
350 2728 469 2791 Caesaris
491 2726 661 2789 Germanici
684 2723 740 2788 filii,

67 2806 239 2892 principatu,
257 2830 334 2872 anno
354 2825 428 2874 eux.
449 2809 572 2893 singulas
590 2809 685 2871 uncias
692 2807 735 2871 vi·

548 2887 574 2951 E
585 2887 616 2964 iij
