1975 3575
216 274 264 378 58
314 265 802 352 crrrnrrurr'vn.

212 399 323 484 pliores
352 395 428 458 fabi„
454 395 611 460 Servantur
632 399 661 457 lri
684 399 827 473 demum,
849 403 911 486 qni

212 478 366 541 nascuntur
388 480 417 538 in
435 477 513 540 salsis
530 497 616 562 atque
633 476 792 555 sabulosis,
812 500 847 542 ut
872 487 909 545 in

211 562 329 630 ludat,
352 557 566 642 &Cyrenaici
583 558 691 621 Africi.
707 560 778 622 Non
789 563 911 626 itemin

212 643 366 726 AEgypto,
384 640 511 724 Cypro,
524 641 608 721 Syria
620 644 652 704 ὃ(
663 639 795 703 Seleucii
806 642 909 728 Atry-

213 726 274 786 riae.
295 723 501 803 Quamobrem
517 721 601 796 sues,
621 724 653 785 &
667 722 776 805 reliqua
787 727 908 786 anima·

213 806 253 866 lla
272 826 308 868 cx
327 806 371 865 his
401 801 569 887 saginantur.
591 803 694 863 viriati
715 822 764 864 aut
788 806 909 868 vetusti

212 884 277 968 ejus
292 887 373 969 pomi
392 887 506 969 signum
522 883 584 958 est,
601 882 732 945 cecidiss'e
744 885 907 949 candidam

212 985 383 1041 verrucam,
395 983 460 1048 quae
469 985 585 1027 racemo
595 965 752 1026 adheserit.
768 965 909 1030 Alexan·

210 1051 257 1110 dri
267 1049 373 1110 milites
382 1049 485 1130 palmis
496 1047 635 1107 viridibus
648 1045 810 1129 strangulati
820 1047 906 1114 sunt.

212 1129 249 1191 ln
269 1127 413 1189 Gedrosis
434 1128 464 1186 id
484 1126 589 1187 factum
610 1126 653 1187 est
672 1130 754 1209 pomi
765 1147 877 1211 genere
890 1177 905 1205 ,

210 1210 280 1271 alibi
301 1208 387 1292 eopid
403 1210 511 1269 evenit.
530 1206 579 1268 Est
595 1211 672 1269 enim
686 1226 761 1269 tanta
778 1209 907 1274 musteis

211 1290 353 1434 ιῖιινὶιέι,
369 1307 401 1352 ut
416 1286 482 1351 finis
501 1287 658 1351 mandendi
674 1307 735 1350 non
751 1292 807 1350 nisi
824 1297 907 1375 peri·

211 1374 280 1437 culo
324 1388 360 1434 at.

253 1455 293 1517 X.
308 1473 335 1537 ς.
353 1452 438 1532 Syria
453 1466 558 1531 pretet
574 1451 648 1511 hanc
666 1451 825 1533 peculiares
845 1451 906 1514 ha-

211 1536 265 1598 bet
287 1535 413 1594 arbores.
433 1530 467 1592 ln
486 1535 595 1593 nucum
604 1530 833 1616 generepistecia
844 1553 907 1595 no·

211 1635 252 1678 tu.
272 1611 406 1675 Prodesse
430 1614 569 1675 adversius
583 1612 757 1695 serpentium
777 1614 906 1675 tradun-

212 1713 262 1758 tttr
280 1692 410 1766 morsus,
429 1696 461 1757 ἂ
479 1711 554 1777 potu
571 1694 604 1755 dc
622 1695 699 1756 cibo.
717 1694 751 1757 ln
772 1693 906 1758 ficorum

211 1794 330 1850 autem,
347 1776 470 1850 enicas,
484 1777 516 1838 &
535 1776 662 1837 minores
681 1774 742 1857 ejus
763 1778 906 1861 generis,

213 1880 278 1941 quae
296 1872 412 1919 cottana
427 1873 548 1919 vocant.
575 1855 650 1919 Item
666 1878 758 1940 pruna
781 1860 811 1918 in
831 1856 903 1918 Da-

212 1937 310 2001 masco
338 1954 439 2000 monte
460 1956 546 2013 nata,
566 1938 598 2001 dc
618 1958 727 2021 myrta:
743 1955 905 2021 utramque

211 2020 271 2103 jam
284 2020 454 2081 familiarem
472 2019 570 2081 Italiae.
588 2017 633 2080 Ex
652 2023 748 2102 myxis
759 2019 902 2104 inAEgyh,

213 2120 267 2187 pto
287 2100 320 2164 ὅ(
340 2103 408 2163 vina
429 2099 511 2163 fiunt.

253 2183 305 2245 XL
320 2182 450 2265 Juniperi
470 2183 593 2244 similem
618 2183 724 2244 liabent
740 2182 899 2246 Phoenices

210 2266 383 2329 &cedrum
411 2266 566 2326 minorem.
589 2262 662 2326 Duo
686 2263 749 2346 ejus
771 2284 900 2348 genera,

211 2348 306 2429 Lycia
325 2348 358 2410 δι
378 2343 546 2420 Phoenicia,
564 2344 700 2407 differunt
713 2342 805 2407 folio:
826 2367 903 2407 nam
977 2344 978 2417 l

213 2450 277 2511 quae
310 2429 434 2503 durum,
455 2445 571 2488 acutum
583 2472 593 2502 ‚
606 2425 760 2510 *spinosum
784 2426 875 2487 hahet
888 2475 903 2499 ,

211 2528 251 2570 nx
276 2510 379 2571 cedros
401 2525 541 2583 vocatur,
563 2506 674 2569 ramosa
693 2509 725 2569 dc
744 2507 830 2568 nodis
851 2510 904 2569 in·

211 2589 241 2652 fe
268 2612 300 2652 a:
319 2589 407 2650 altera
428 2589 521 2650 odore
538 2588 661 2670 praestat.
685 2587 822 2649 Frucium
850 2588 900 2650 fe·

211 2688 280 2731 runt
320 2671 413 2752 myrti
451 2670 674 2753 magnitudine,
704 2670 821 2730 dulcem
851 2669 901 2730 sa·

211 2770 296 2832 pore.
319 2751 355 2811 Et
374 2747 491 2829 majoris
508 2752 588 2813 cedri
606 2751 665 2812 duo
709 2769 812 2810 enera:
828 2768 901 2831 quae

211 2832 317 2906 noret,
339 2830 464 2895 muna
487 2852 549 2895 nun
573 2831 661 2895 fert:
703 2830 813 2914 ugifera
830 2850 900 2897 rumv

971 289 973 406 l
