1975 3575
183 242 408 320 Hrsaon.
422 245 495 319 Lib.
508 245 636 321 xvffl.
684 258 761 344 449

78 365 121 448 pis
130 366 331 448 tempestatem
344 383 495 428 venturam
513 367 677 450 precedens
689 366 756 429 suus

79 448 194 530 fragore
214 448 278 509 caeli
302 448 421 529 quidem
431 468 559 509 murmur
567 468 628 509 non
636 449 755 511 dubiam

79 528 161 589 habet
173 530 197 588 si
218 526 425 589 nificationem.
548 541 553 546 “

116 608 197 670 LXX
229 607 756 693 V11.Prasagiuntscanimalralrel·

77 687 152 769 phini
167 690 324 772 tranquillo
331 693 406 762 ,mari
423 688 622 763 lascivientes,
640 689 755 764 flatum,
775 693 778 696 ’

78 787 112 829 ex
130 771 186 851 qua
207 773 331 832 veniunt
361 787 469 854 parte:
495 773 567 831 item
593 769 757 851 spargentes

78 868 178 931 aquam
186 849 758 933 turbato,tranquillitatemlLoligovo·
846 873 849 878 ’

77 926 172 1005 litans,
188 931 309 992 conchae
331 930 578 1004 adhaerescentes,
596 930 688 991 echini
705 929 759 990 ad·

76 1006 194 1091 figentes
213 1010 295 1085 sese,
310 1028 359 1071 aut
376 1011 462 1071 areni
478 1009 671 1083 saburrantes,
683 1026 758 1069 tem·
774 1047 783 1062 ·

75 1089 186 1169 pellaris
207 1094 292 1174 signa
305 1089 376 1152 sunt.
389 1091 478 1151 Ranae
495 1110 614 1174 quoque
629 1090 703 1150 ultra
711 1087 757 1150 soa

76 1169 155 1231 litum
170 1172 303 1234 vocales.
324 1177 362 1233 Et
382 1171 477 1233 fulicae
488 1173 631 1233 matutino
642 1170 757 1253 clango-

76 1270 115 1310 re.
137 1251 213 1314 ltem
247 1256 358 1335 mergi,
385 1250 485 1313 anates
500 1273 558 1322 ue,
578 1272 687 1333 pennas
705 1270 757 1312 to·

76 1328 132 1392 slro
144 1350 461 1416 purgantes,ventnmr
476 1274 651 1413 generaque
671 1349 758 1413 aqua·

77 1412 138 1472 ticae
161 1436 234 1476 aves
261 1414 482 1476 concursantes:
498 1411 595 1474 Grues
613 1414 643 1472 in
661 1411 757 1471 medi·

78 1507 204 1554 terranea
243 1491 430 1556 festinantes:
453 1494 552 1575 Mergi
586 1494 675 1553 maria
707 1508 756 1553 aut

77 1569 172 1655 llagna
190 1574 344 1656 fugientes.
362 1572 459 1634 Grues
475 1573 589 1635 silentio
628 1569 757 1633 ersubli·

77 1671 123 1712 tne
131 1655 284 1730 volantes,
295 1653 473 1718 serenitatem
486 1677 494 1716 ι
506 1656 593 1714 sicno
642 1654 697 1711 ain
706 1653 758 1712 im·

18 1758 19 1796 r
77 1730 126 1794 bre
138 1735 267 1817 garrula:
281 1754 310 1798 at
324 1734 426 1799 sereno
433 1779 444 1809 ,
454 1732 669 1818 tempestatem:
678 1729 758 1794 Cor·

77 1815 163 1896 vique
189 1816 312 1897 singultu
339 1819 466 1899 quodam
490 1817 642 1887 latrantes,
667 1812 755 1895 seque

18 1911 19 1918 ¹
77 1896 297 1970 concutientes,
315 1899 338 1954 si
358 1899 581 1965 continuabunt,
592 1913 698 1955 ventos
709 1917 717 1956 r
729 1896 754 1954 si

75 1976 149 2032 verb
165 1977 284 2053 carptim
301 1995 407 2035 vocem
427 1974 631 2045 resorbebunt,
649 1990 755 2033 vento·

76 2049 137 2113 sunt
154 2053 288 2113 imbrem.
306 2052 424 2115 Graculi
450 2053 516 2114 sero
537 2076 554 2114 a
571 2053 683 2133 pabulis
710 2073 756 2113 re-

78 2133 232 2208 cedentes,
242 2133 379 2196 hiemem.
390 2133 427 2194 Et
436 2134 508 2196 albae
514 2154 601 2213 gves,
613 2136 679 2193 cum
688 2152 758 2191 con·

79 2214 279 2296 gregabuntur.
304 2213 340 2274 Et
359 2216 427 2275 clun
447 2212 594 2273 terrestres
621 2211 758 2273 volucres

80 2312 180 2354 contra
196 2315 299 2376 aquam
319 2294 468 2377 clangores
494 2293 622 2366 dabunt,
637 2288 757 2372 perfun-

81 2372 179 2435 dentes
209 2374 288 2436 sese:
305 2373 356 2434 sed
373 2374 497 2434 maxime
518 2374 628 2433 cornix.
649 2371 757 2431 Hirun·

81 2452 197 2525 doram
220 2453 298 2536 juxta
316 2475 420 2632 agam
447 2455 594 2524 volitans,
613 2468 645 2511 ut
663 2471 758 2532 penna

81 2528 152 2615 saepe
173 2539 319 2618 percutiat.
374 2556 475 2619 uaeque
495 2538 533 2602 in,
547 2532 697 2594 arboribus
706 2531 756 2590 ha·

81 2611 186 2689 bitant,
202 2615 353 2700 fugitantes
367 2639 396 2678 ιη
415 2618 490 2678 nidis
507 2614 573 2677 suis.
595 2612 632 2675 Et
642 2610 756 2672 anseres

82 2697 219 2757 continuo
238 2698 371 2780 clangore
391 2695 597 2782 intempestivi.
617 2691 757 2756 Ardeain

50 2860 53 2873 .
82 2776 183 2839 mediis
203 2780 295 2841 arenis
317 2776 413 2844 tristis.
