1975 3575
213 231 308 302 His
325 249 435 304 non.
449 235 523 306 Lib.
543 230 640 309 XIV.
690 255 736 337 95

103 343 213 414 AEstum
232 351 286 412 sert
301 350 436 433 spionia,
453 374 540 492 poam
551 354 669 436 quidam
684 354 741 438 spi·

61 453 151 495 neam
173 450 296 504 vocant,
327 435 455 493 autumni
488 454 525 494 ue
546 437 737 499 &imbribus

62 513 225 596 pinguescit.
281 515 423 573 uinimmo
443 534 480 573 ne
503 514 555 575 ulis
571 537 625 576 una
636 517 738 594 alitur,

61 595 102 653 ob
126 594 157 654 id
177 594 335 654 Ravennati
347 614 415 676 agro
436 596 599 675 peculiaris.
607 596 739 658 Venitu-

61 674 119 734 lam
143 676 212 735 inter
232 674 344 755 optimi
364 674 607 750 deflorescentes,
626 678 659 738 δι
672 678 736 739 ollis

62 757 249 836 aptissimam,
260 753 402 836 Campani
409 756 520 816 malunt
530 756 678 817 scirculatn
686 780 739 829 vo·¹

60 857 145 907 care,
156 837 199 896 alii
210 834 359 896 staculam:
369 834 525 897 Tarracina
534 839 741 914 numisianam,

62 917 153 976 nullas
162 918 235 976 vites
250 919 381 996 proprias
392 916 568 992 habentem,
584 915 634 978 sed
648 935 741 979 totam

62 997 180 1077 perinde
197 1018 229 1057 ac
248 996 342 1056 solum
365 997 468 1057 valeat.
493 996 668 1059 Surrentinis
697 1017 742 1069 taff

63 1099 131 1139 men
158 1076 353 1139 efficacissima
373 1076 470 1147 testis,
494 1077 626 1139 Vesuvio
646 1098 742 1147 tenus.

63 1157 105 1218 Ibi
121 1161 194 1220 enim
211 1157 396 1241 Murgentina
416 1178 433 1217 e
451 1157 547 1218 sicilia
570 1162 738 1240 potissima,

102 1261 147 1300 am
166 1239 374 1319 Pompeianam
403 1239 441 1298 ali
462 1242 491 1299 ui
510 1258 635 1310 vocant,
653 1240 739 1301 Latio

63 1260 177 1381 dimum
198 1318 343 1380 feracem:
360 1319 433 1379 sicut
442 1261 590 1379 ‹iotconia
608 1323 638 1379 in
652 1319 743 1382 Cam-

64 1402 161 1481 panis,
177 1401 290 1460 tantiun
312 1400 429 1462 vilitatis
452 1400 584 1474 cibariae,
596 1399 645 1460 sed
656 1400 744 1466 ubet÷

66 1497 119 1542 tate
141 1482 293 1564 praecipua.
324 1479 447 1541 Toletat
460 1483 595 1543 &annos
616 1482 742 1554 metica,

66 1580 159 1623 contra
169 1582 259 1623 omne
265 1561 342 1621 sidus
352 1560 533 1634 firmissima,
543 1565 626 1644 nigro
636 1563 740 1638 acino,

66 1644 134 1704 vinis
150 1646 180 1703 in
197 1639 340 1704 vetustate
355 1640 579 1703 rubescentibus.

104 1743 130 1806 3.
146 1729 184 1785 Et
202 1722 336 1783 hasiensis
347 1722 462 1804 publica
476 1722 539 1783 sunt
555 1743 678 1807 genera:
691 1743 742 1785 ce-

67 1818 122 1864 tera
142 1807 296 1889 regionum
327 1805 538 1887 locorumque,
555 1822 604 1865 aut
632 1827 667 1866 ex
694 1808 740 1867 his

68 1885 135 1946 inter
149 1886 177 1948 se
195 1887 284 1946 insitu
295 1887 392 1946 mixta.
410 1882 560 1967 Siquidem
570 1885 672 1949 Tuscis
687 1908 741 1968 pe·

68 1968 173 2028 culiaris
183 1965 227 2027 est
237 1963 396 2036 Tudernis,
412 1984 498 2049 atque
509 1965 597 2027 etiam
610 1966 671 2045 ejus
684 1988 741 2028 no·

68 2048 143 2109 minis
164 2048 319 2109 Florentia.
339 2045 389 2106 Est
406 2051 505 2127 opima
524 2047 630 2108 Aretio
650 2049 741 2130 talpa-

68 2147 118 2202 ua,
136 2130 169 2192 δι
184 2130 334 2201 etesiaca,
355 2128 389 2188 &
409 2126 591 2188 conseminia.
609 2126 741 2209 Talpana

67 2211 139 2291 nigra
155 2209 310 2272 candidum
326 2206 396 2266 sacit
406 2206 539 2268 mustum.
553 2208 683 2273 Etesiaca
694 2208 745 2268 fal·

69 2286 124 2362 lan,
134 2310 199 2372 quae
209 2292 269 2373 quo
280 2290 345 2370 plus
358 2287 441 2359 tulit,
454 2289 491 2346 eb
503 2287 670 2347 laudabilius
680 2287 745 2346 fun·

68 2368 122 2431 dit:
141 2373 323 2452 mirumque,
337 2366 516 2429 fecunditate
539 2364 633 2426 cessat.
659 2364 743 2426 Con·

68 2447 178 2512 seminia
195 2453 294 2535 nigra,
309 2452 382 2510 vino
398 2448 518 2509 minime
535 2447 742 2520 durante‚uva

68 2533 203 2593 maximi:
265 2529 289 2590 st
310 2548 369 2591 xv.
388 2530 467 2603 dies,
487 2528 575 2611 quim
593 2526 652 2588 ulla
670 2527 742 2600 alia,

68 2614 198 2674 metitur:
213 2554 334 2686 diruis,
345 2609 395 2671 sed
414 2612 527 2671 cibaria.
545 2606 639 2688 Hujus
652 2606 743 2682 solia,

69 2691 132 2754 sicut
149 2691 309 2765 labruscae,
323 2693 401 2772 prius
415 2692 503 2773 quim
518 2690 671 2760 decidant,
683 2688 755 2749 san·-

70 2775 168 2850 guiueo
195 2773 297 2838 colore
323 2789 479 2838 mutantur.
508 2771 615 2836 Evenit
631 2770 687 2834 hoc
707 2770 743 2835 dc.
