1975 3575
259 255 306 350 48
358 257 394 327 C.
419 231 603 324 ΡιιΝιι
632 251 836 321 Nava.

260 393 342 438 cent:
359 378 408 457 qui
421 373 564 456 plurima,
578 369 715 429 alterutri
737 366 818 441 mel,
830 362 889 424 salis
900 359 942 420 flos

263 477 348 534 rem,
371 456 571 538 omphacium,
590 470 607 508 a
629 452 660 509 ni
677 450 775 521 folia,
801 462 945 528 panacem,

264 554 386 598 externa
408 537 516 595 omnia.
544 470 717 613 Protiigiosa
740 524 942 589 cinnamomino

261 615 659 700 pretia.Adjiciturcinnamo
668 606 942 672 balaninumoleun,

262 696 495 780 xylobalsamum
507 739 516 768 ,
537 694 688 767 calamus,
705 691 830 773 juncus,
841 681 941 746 balsami

260 780 389 850 semina,
403 777 541 859 myrrha,
553 774 612 834 mel
627 774 812 834 odoratum:
826 782 941 848 unguen·

261 878 360 922 torum
382 860 439 918 hoc
465 856 684 918 crassissimum.
710 854 810 914 Pretia
834 850 861 909 ei
880 866 896 904 a
914 857 939 900 x·

262 958 344 1004 xxv.
357 939 393 1000 ad
404 958 436 1001 x.
450 955 521 1000 cce.
533 934 718 1006 Nardinum‚
732 935 797 994 sive
808 928 940 992 foliatum,

261 1022 374 1083 constat
396 1019 575 1101 omphacio,
592 1015 757 1085 balanino,
777 1010 881 1092 junco,
898 1024 939 1063 co·

261 1102 327 1175 sto,
345 1101 459 1170 nardo,
479 1117 615 1167 amomo,
635 1094 792 1176 myrrha,
816 1086 937 1150 balsamo.
963 1097 964 1100 ’

261 1181 297 1243 In
310 1183 368 1241 hoc
386 1198 492 1262 genere
507 1176 667 1237 conveniet
685 1170 864 1242 meminiffe,
884 1166 939 1225 her·

261 1261 381 1335 barum,
398 1282 463 1343 quae
480 1258 604 1330 nardum
625 1255 765 1317 Indicum
788 1253 938 1314 imitentur,

263 1342 375 1427 species
395 1361 506 1402 novem
524 1361 540 1399 a
559 1338 643 1398 nobis
669 1334 731 1398 effe
752 1334 857 1396 dioias:
873 1340 937 1388 tanta

262 1427 382 1488 materia
392 1419 570 1482 adulterandi
583 1416 634 1477 est.
654 1416 772 1479 Omnia
780 1430 876 1475 autem
885 1423 937 1466 acu·

263 1508 338 1565 tiota
362 1501 433 1562 fiunt
455 1498 555 1570 costo,
575 1518 718 1573 amomo,
740 1518 808 1580 quae
826 1483 936 1554 maxine

262 1604 345 1647 nares
360 1581 483 1643 feriunt:
505 1580 645 1641 crassiora
653 1579 780 1660 myrrha
791 1621 801 1652 ,
813 1572 937 1635 suaviora·

263 1686 336 1747 que:
355 1662 506 1723 medicina
517 1676 614 1720 autem
625 1661 744 1720 utiliora
755 1676 845 1719 croco
854 1676 861 1715 :
870 1665 936 1708 acer·

263 1747 337 1805 rima
349 1763 405 1825 per
420 1740 449 1803 se
466 1760 596 1802 amomo.
610 1740 679 1801 Hoc
696 1741 731 1803 &
750 1738 850 1822 capitis
866 1726 936 1791 dolo·

262 1845 310 1884 res
331 1823 408 1884 facit.
428 1820 561 1902 Quidam
582 1820 648 1881 satis
666 1823 779 1883 habent
800 1814 934 1894 adsperge·

262 1924 316 1978 re,
334 1926 399 2045 ‹ffiae
415 1901 480 1964 sunt
498 1903 728 1984 pretiosissima,
744 1899 849 1962 ceteris
858 1893 935 1953 deco·

262 1985 323 2046 uis.
380 1983 469 2064 yrrha
499 1986 531 2045 &
554 1981 654 2064 perse
674 1996 859 2066 unguentum
880 1964 936 2058 facit

263 2069 324 2126 sine
353 2066 444 2137 oleo,
468 2060 553 2124 staRe
577 2062 748 2124 dumtaxat:
768 2055 875 2139 alioqui
902 2067 935 2105 111·

132 2182 137 2187 ·
194 2195 196 2201 .
261 2150 350 2207 miam
361 2142 687 2205 amaritudinemadfert.
704 2142 842 2224 Cyprino
853 2126 935 2196 viride

171 2273 174 2277 ⁷
262 2224 297 2287 fit
306 2271 316 2302 ,
326 2225 420 2288 susino
432 2222 640 2308 unguinosum‚
653 2224 812 2284 Mendesio
823 2220 934 2297 nigrum,

262 2308 388 2369 rhodino
398 2307 553 2369 candidum
561 2350 571 2378 ,
578 2306 700 2387 myrrhi
711 2303 860 2387 pallidum.
872 2289 934 2352 Ηές

261 2388 328 2451 sunt
343 2391 465 2471 antiquae
481 2387 657 2446 inventionis
677 2405 799 2467 genera,
819 2381 850 2441 &
866 2365 933 2455 post·

262 2491 298 2532 ea
325 2467 503 2528 officinarum
525 2465 610 2526 furta.
634 2464 720 2526 Nunc
752 2464 866 2524 dicetur
889 2467 933 2510 cu·

261 2549 356 2646 anulus
375 2546 435 2643 ipse
454 2545 620 2608 deliciarum
630 2590 643 2619 ,
663 2544 825 2609 &summa
843 2529 932 2597 anuo·

262 2646 331 2691 ruas
351 2649 404 2689 ren

305 2731 334 2770 2.
352 2708 430 2791 Ergo
449 2727 482 2768 re
503 2706 548 2768 ale
562 2722 739 2790 unguentum
747 2699 930 2786 appellatum,
963 2700 964 2709 ’

263 2790 400 2871 quoniam
419 2786 459 2852 Pa
507 2809 591 2850 orum
605 2787 722 2871 regibus
740 2789 780 2849 ita
797 2787 931 2859 tempeffl'
962 2772 965 2863 Ι

384 2884 389 2891 ·
823 2890 825 2894 ·
874 2866 933 2918 tur,
962 2898 964 2919 4
