1975 3575
212 280 280 347 ¹04
328 257 363 325 C.
388 253 760 351 PtrnnNArun.

206 346 377 437 {uslontasz
394 372 457 434 solo
481 376 616 434 vinorum
642 372 758 432 flamma
775 383 899 432 accen·

206 457 292 519 ditur.
305 453 377 515 Tria
391 452 454 530 ejus
473 473 578 534 genera
587 497 597 525 ‚
606 451 764 523 austerum,
774 451 869 512 dulce
880 494 896 524 ‚

206 553 306 599 tenue.
366 536 462 595 uidam
484 537 525 595 ita
543 532 718 616 distinguunt
736 556 744 593 ι
765 531 896 592 summis

206 616 331 679 collibus
394 635 514 676 uranum
534 615 626 696 gigni,
646 612 749 673 mediis
760 610 897 672 Faustia-

206 716 278 757 num
289 741 303 767 ,
319 698 385 756 imis
401 695 562 756 Falernum.
592 693 662 755 Non
691 693 894 754 omittendum

206 792 307 837 autern
325 775 395 837 nulli
416 795 518 836 eorum
534 795 599 855 qnae
622 773 823 847 celebrentur,
840 771 895 855 ju·

209 856 338 918 cundum
363 854 496 938 saporem
514 876 579 917 uvae
597 853 665 915 elle.

219 982 222 988 ⁴
252 937 303 997 Ad
320 938 433 998 tertiam
442 935 568 1018 palmam
580 937 659 996 varii
671 933 783 999 venire,
797 932 896 995 Alba·

209 1038 249 1081 na
269 1017 344 1078 Urbi
364 1018 472 1089 vicina,
483 1015 655 1097 praedulcia',
671 1037 704 1075 ac
722 1035 785 1099 rara
799 1017 829 1075 in
838 1036 895 1075 au·

209 1096 297 1158 stero.
307 1096 381 1157 Item
390 1095 555 1156 Surrentina
566 1098 595 1155 in
604 1098 697 1157 vineis
707 1093 894 1155 tantumnas-

209 1179 319 1250 centia,
334 1175 600 1257 convalescentibus
614 1175 739 1250 maxime
749 1177 895 1256 probata,

210 1273 331 1340 propter
343 1259 514 1318 tenuitatem
530 1254 787 1336 salubritatemque.
800 1255 895 1317 Tibe·

211 1341 271 1399 rius
288 1334 383 1400 Caesar
399 1338 513 1399 dicebat
529 1359 548 1392 ιι
559 1334 727 1398 consensisse
738 1337 895 1412 medicos,

212 1435 277 1489 sut
290 1420 470 1480 nobilitatem
488 1416 655 1478 Surrentino
673 1418 795 1490 darent,
818 1418 896 1478 alio·

212 1522 234 1568 ‘i
246 1497 362 1579 quiesse
373 1495 545 1580 generosum
556 1515 667 1560 acetum
679 1523 707 1559 n.
725 1494 815 1558 Caius
827 1497 900 1560 Cae-

213 1575 274 1652 sar,
283 1581 332 1659 qui
344 1577 478 1638 successit
489 1577 549 1652 illi,
562 1601 580 1632 α
589 1579 718 1639 nobilem
726 1599 854 1661 vappam
862 1603 895 1641 n.

214 1654 335 1718 Certant
350 1658 476 1718 Massica
488 1659 593 1739 aeque,
614 1679 650 1719 ex
671 1676 772 1720 monte
789 1656 896 1721 Gauro

213 1735 352 1800 Puteolos
370 1737 506 1820 Baiasque
516 1736 732 1821 prospe6lantia.
754 1738 831 1801 Nam
839 1739 895 1821 Faf

214 1818 299 1887 berno
325 1821 502 1879 contermina
531 1818 645 1880 Statana
662 1820 699 1882 ad
719 1822 896 1903 principatus

215 1897 327 1965 uenire
346 1917 406 1958 non
431 1899 536 1962 dubie:
553 1901 646 1982 palam
669 1921 705 1962 ue
728 1900 824 1962 fecere
846 1900 897 1963 fua'

216 1977 375 2060 quibusque
386 1981 470 2042 terris
480 1998 614 2062 tempora
626 1923 701 2053 esle,
713 1983 788 2044 sicut
797 2003 901 2044 rerum

215 2076 377 2140 proventus
399 2059 581 2143 occasusque.
597 2060 696 2124 lunsla
716 2062 760 2122 his
780 2083 895 2146 praepo·

217 2141 248 2208 ni
269 2137 398 2201 solebant
418 2137 544 2202 Calena:
563 2142 723 2223 &quaein
742 2144 834 2204 vineis
853 2166 896 2205 ar·

216 2218 360 2301 bustisque
379 2218 545 2295 nascuntur,
558 2221 703 2284 Fundana.
722 2223 792 2285 Alia
803 2245 839 2285 ex
851 2227 895 2286 vi·

217 2301 291 2368 cirria
307 2301 395 2363 Urbis
422 2300 628 2377 veliternius,
652 2302 895 2387 Privernatiaque.

217 2381 296 2442 Nam
311 2382 391 2465 quod
410 2380 514 2522 §³2¹³ae
531 2382 668 2456 nascitur,
682 2383 842 2445 austeritate
851 2388 894 2445 ni}

217 2462 277 2556 mii
296 2466 430 2522 continen
497 2464 568 2524 utile
586 2464 671 2539 alvo,
682 2467 757 2526 inter
768 2466 893 2527 medica-

218 2562 297 2603 mina
316 2557 490 2606 numeratur.

219 2621 241 2677 ’.
257 2619 403 2699 Quartum
412 2622 584 2684 curriculum
600 2623 718 2705 publicis
741 2625 833 2706 epulis
845 2626 892 2688 ob

218 2700 328 2768 tinuere
340 2715 362 2762 'a
379 2703 450 2764 divo
469 2703 546 2766 Julio
564 2702 613 2786 (is
627 2706 705 2766 enim
722 2708 831 2784 primus
846 2728 894 2767 au-

217 2776 377 2871 bloritatetn
397 2784 441 2848 his
460 2784 578 2858 tribuit,
590 2804 622 2852 ut
641 2787 673 2847 in
693 2784 823 2870 epistolis
835 2784 902 2868 ejus.
