<?xml version="1.0" encoding="UTF-8"?>
<!DOCTYPE html PUBLIC "-//W3C//DTD XHTML 1.0 Transitional//EN"
    "http://www.w3.org/TR/xhtml1/DTD/xhtml1-transitional.dtd">
<html xmlns="http://www.w3.org/1999/xhtml" xml:lang="en" lang="en">
 <head>
  <title>
</title>
<meta http-equiv="Content-Type" content="text/html;charset=utf-8" />
  <meta name='ocr-system' content='tesseract 3.04.00' />
  <meta name='ocr-capabilities' content='ocr_page ocr_carea ocr_par ocr_line ocrx_word'/>
</head>
<body>
  <div class='ocr_page' id='page_1' title='image "./caiipliniisecun01goog_0139.png"; bbox 0 0 1975 3575; ppageno 0'>
   <div class='ocr_carea' id='block_1_1' title="bbox 128 261 737 360">
    <p class='ocr_par' dir='ltr' id='par_1_1' title="bbox 128 261 737 360">
     <span class='ocr_line' id='line_1_1' title="bbox 128 261 737 360; baseline -0.002 -24"><span class='ocrx_word' id='word_1_1' title='bbox 128 306 151 349; x_wconf 42' lang='grc' dir='ltr'><em>μ</em></span> <span class='ocrx_word' id='word_1_2' title='bbox 196 264 398 336; x_wconf 66' lang='lat' dir='ltr'>Hieron.</span> <span class='ocrx_word' id='word_1_3' title='bbox 420 262 493 335; x_wconf 88' lang='lat' dir='ltr'>Lib.</span> <span class='ocrx_word' id='word_1_4' title='bbox 514 261 612 336; x_wconf 86' lang='lat' dir='ltr'><strong>XIV.</strong></span> <span class='ocrx_word' id='word_1_5' title='bbox 667 287 737 360; x_wconf 78' lang='lat'>¹29</span> 
     </span>
    </p>
   </div>
   <div class='ocr_carea' id='block_1_2' title="bbox 64 383 823 2942">
    <p class='ocr_par' dir='ltr' id='par_1_2' title="bbox 64 383 741 869">
     <span class='ocr_line' id='line_1_2' title="bbox 64 383 738 467; baseline -0.001 -20"><span class='ocrx_word' id='word_1_6' title='bbox 64 384 217 453; x_wconf 74' lang='lat' dir='ltr'>lemulento</span> <span class='ocrx_word' id='word_1_7' title='bbox 225 384 372 467; x_wconf 80' lang='lat' dir='ltr'>scyphum</span> <span class='ocrx_word' id='word_1_8' title='bbox 380 383 543 465; x_wconf 72' lang='lat' dir='ltr'>impadum.</span> <span class='ocrx_word' id='word_1_9' title='bbox 552 383 738 447; x_wconf 79' lang='lat' dir='ltr'>Etenimhaec</span> 
     </span>
     <span class='ocr_line' id='line_1_3' title="bbox 66 463 738 547; baseline 0.003 -22"><span class='ocrx_word' id='word_1_10' title='bbox 66 464 122 526; x_wconf 83' lang='lat' dir='ltr'>lunt</span> <span class='ocrx_word' id='word_1_11' title='bbox 131 467 276 527; x_wconf 86' lang='lat' dir='ltr'>ebrietatis</span> <span class='ocrx_word' id='word_1_12' title='bbox 302 485 401 547; x_wconf 86' lang='lat' dir='ltr'>opera.</span> <span class='ocrx_word' id='word_1_13' title='bbox 433 463 493 526; x_wconf 82' lang='lat' dir='ltr'>sed</span> <span class='ocrx_word' id='word_1_14' title='bbox 512 467 645 525; x_wconf 89' lang='lat' dir='ltr'>nimirum</span> <span class='ocrx_word' id='word_1_15' title='bbox 661 465 738 527; x_wconf 86' lang='lat' dir='ltr'>hanc</span> 
     </span>
     <span class='ocr_line' id='line_1_4' title="bbox 69 542 739 627; baseline 0.001 -21"><span class='ocrx_word' id='word_1_16' title='bbox 69 546 178 627; x_wconf 81' lang='lat' dir='ltr'>gloriam</span> <span class='ocrx_word' id='word_1_17' title='bbox 192 545 304 607; x_wconf 79' lang='lat' dir='ltr'>auferte</span> <span class='ocrx_word' id='word_1_18' title='bbox 325 542 431 606; x_wconf 90' lang='lat' dir='ltr'>Cicero</span> <span class='ocrx_word' id='word_1_19' title='bbox 455 544 552 606; x_wconf 87' lang='lat' dir='ltr'>voluit</span> <span class='ocrx_word' id='word_1_20' title='bbox 565 544 739 608; x_wconf 71' lang='lat' dir='ltr'>interfectori</span> 
     </span>
     <span class='ocr_line' id='line_1_5' title="bbox 69 623 737 706; baseline 0.007 -22"><span class='ocrx_word' id='word_1_21' title='bbox 69 628 145 706; x_wconf 82' lang='lat' dir='ltr'>patris</span> <span class='ocrx_word' id='word_1_22' title='bbox 164 625 205 686; x_wconf 89' lang='lat' dir='ltr'>sui</span> <span class='ocrx_word' id='word_1_23' title='bbox 224 625 270 687; x_wconf 87' lang='lat' dir='ltr'>M.</span> <span class='ocrx_word' id='word_1_24' title='bbox 287 624 427 687; x_wconf 82' lang='lat' dir='ltr'>Antonio.</span> <span class='ocrx_word' id='word_1_25' title='bbox 449 623 479 687; x_wconf 84' lang='lat' dir='ltr'>ls</span> <span class='ocrx_word' id='word_1_26' title='bbox 498 627 576 686; x_wconf 91' lang='lat' dir='ltr'>enim</span> <span class='ocrx_word' id='word_1_27' title='bbox 592 643 656 688; x_wconf 88' lang='lat' dir='ltr'>ante</span> <span class='ocrx_word' id='word_1_28' title='bbox 667 646 737 689; x_wconf 83' lang='lat' dir='ltr'>eum</span> 
     </span>
     <span class='ocr_line' id='line_1_6' title="bbox 69 705 739 788; baseline 0.004 -23"><span class='ocrx_word' id='word_1_29' title='bbox 69 706 225 767; x_wconf 74' lang='lat' dir='ltr'>avidissime</span> <span class='ocrx_word' id='word_1_30' title='bbox 244 705 471 787; x_wconf 86' lang='lat' dir='ltr'>adprehenderat</span> <span class='ocrx_word' id='word_1_31' title='bbox 494 707 568 766; x_wconf 88' lang='lat' dir='ltr'>hanc</span> <span class='ocrx_word' id='word_1_32' title='bbox 594 707 739 788; x_wconf 79' lang='lat' dir='ltr'>palmam,</span> 
     </span>
     <span class='ocr_line' id='line_1_7' title="bbox 71 785 741 869; baseline 0.006 -24"><span class='ocrx_word' id='word_1_33' title='bbox 71 786 142 847; x_wconf 85' lang='lat' dir='ltr'>edito</span> <span class='ocrx_word' id='word_1_34' title='bbox 152 790 235 847; x_wconf 89' lang='lat' dir='ltr'>etiam</span> <span class='ocrx_word' id='word_1_35' title='bbox 244 788 394 849; x_wconf 81' lang='lat' dir='ltr'>volumine</span> <span class='ocrx_word' id='word_1_36' title='bbox 404 785 441 848; x_wconf 87' lang='lat' dir='ltr'>de</span> <span class='ocrx_word' id='word_1_37' title='bbox 450 785 500 846; x_wconf 70' lang='lat' dir='ltr'>sui</span> <span class='ocrx_word' id='word_1_38' title='bbox 511 785 668 849; x_wconf 82' lang='lat' dir='ltr'>ebrietate:</span> <span class='ocrx_word' id='word_1_39' title='bbox 681 808 741 869; x_wconf 83' lang='lat' dir='ltr'>quo</span> 
     </span>
    </p>

    <p class='ocr_par' dir='ltr' id='par_1_3' title="bbox 68 865 744 1732">
     <span class='ocr_line' id='line_1_8' title="bbox 90 865 742 950; baseline 0.002 -24"><span class='ocrx_word' id='word_1_40' title='bbox 90 869 232 928; x_wconf 82' lang='lat' dir='ltr'>atrocinari</span> <span class='ocrx_word' id='word_1_41' title='bbox 255 868 310 927; x_wconf 89' lang='lat' dir='ltr'>sibi</span> <span class='ocrx_word' id='word_1_42' title='bbox 337 865 436 942; x_wconf 89' lang='lat' dir='ltr'>ausus,</span> <span class='ocrx_word' id='word_1_43' title='bbox 455 866 630 949; x_wconf 82' lang='lat' dir='ltr'>adprobavit</span> <span class='ocrx_word' id='word_1_44' title='bbox 653 867 742 950; x_wconf 69' lang='lat' dir='ltr'>plane</span> 
     </span>
     <span class='ocr_line' id='line_1_9' title="bbox 68 887 743 1029; baseline 0.003 -22"><span class='ocrx_word' id='word_1_45' title='bbox 68 887 122 1027; x_wconf 58' lang='lat' dir='ltr'>fut</span> <span class='ocrx_word' id='word_1_46' title='bbox 134 947 266 1029; x_wconf 86' lang='lat' dir='ltr'>equidem</span> <span class='ocrx_word' id='word_1_47' title='bbox 283 945 426 1028; x_wconf 79' lang='lat' dir='ltr'>arbitror)</span> <span class='ocrx_word' id='word_1_48' title='bbox 440 948 628 1028; x_wconf 81' lang='lat' dir='ltr'>quantamala</span> <span class='ocrx_word' id='word_1_49' title='bbox 658 964 743 1009; x_wconf 86' lang='lat' dir='ltr'>erte-</span> 
     </span>
     <span class='ocr_line' id='line_1_10' title="bbox 74 969 743 1111; baseline 0.006 -25"><span class='ocrx_word' id='word_1_50' title='bbox 74 1029 229 1088; x_wconf 82' lang='lat' dir='ltr'>nolentiam</span> <span class='ocrx_word' id='word_1_51' title='bbox 243 1044 384 1088; x_wconf 87' lang='lat' dir='ltr'>terrarum</span> <span class='ocrx_word' id='word_1_52' title='bbox 394 1028 458 1088; x_wconf 86' lang='lat' dir='ltr'>orbi</span> <span class='ocrx_word' id='word_1_53' title='bbox 474 1026 616 1090; x_wconf 84' lang='lat' dir='ltr'>intuliffet.</span> <span class='ocrx_word' id='word_1_54' title='bbox 628 969 743 1111; x_wconf 49' lang='lat' dir='ltr'>§riguo</span> 
     </span>
     <span class='ocr_line' id='line_1_11' title="bbox 74 1107 744 1191; baseline 0.004 -24"><span class='ocrx_word' id='word_1_55' title='bbox 74 1123 193 1189; x_wconf 85' lang='lat' dir='ltr'>tempore</span> <span class='ocrx_word' id='word_1_56' title='bbox 210 1126 276 1169; x_wconf 85' lang='lat' dir='ltr'>ante</span> <span class='ocrx_word' id='word_1_57' title='bbox 296 1108 429 1191; x_wconf 86' lang='lat' dir='ltr'>proelium</span> <span class='ocrx_word' id='word_1_58' title='bbox 448 1107 597 1170; x_wconf 71' lang='lat' dir='ltr'>Adiacum</span> <span class='ocrx_word' id='word_1_59' title='bbox 610 1108 641 1170; x_wconf 92' lang='lat' dir='ltr'>id</span> <span class='ocrx_word' id='word_1_60' title='bbox 652 1109 744 1172; x_wconf 81' lang='lat' dir='ltr'>volu·</span> 
     </span>
     <span class='ocr_line' id='line_1_12' title="bbox 76 1187 742 1272; baseline 0.006 -25"><span class='ocrx_word' id='word_1_61' title='bbox 76 1208 138 1248; x_wconf 91' lang='lat' dir='ltr'>men</span> <span class='ocrx_word' id='word_1_62' title='bbox 147 1191 291 1249; x_wconf 84' lang='lat' dir='ltr'>evomuit:</span> <span class='ocrx_word' id='word_1_63' title='bbox 303 1208 362 1269; x_wconf 83' lang='lat' dir='ltr'>quo</span> <span class='ocrx_word' id='word_1_64' title='bbox 372 1187 454 1249; x_wconf 62' lang='lat' dir='ltr'>facili</span> <span class='ocrx_word' id='word_1_65' title='bbox 463 1188 634 1272; x_wconf 81' lang='lat' dir='ltr'>intelligatur</span> <span class='ocrx_word' id='word_1_66' title='bbox 643 1189 742 1251; x_wconf 85' lang='lat' dir='ltr'>ebrius</span> 
     </span>
     <span class='ocr_line' id='line_1_13' title="bbox 75 1263 741 1353; baseline 0.009 -27"><span class='ocrx_word' id='word_1_67' title='bbox 75 1263 127 1346; x_wconf 80' lang='lat' dir='ltr'>jam</span> <span class='ocrx_word' id='word_1_68' title='bbox 141 1268 182 1329; x_wconf 90' lang='lat' dir='ltr'>san</span> <span class='ocrx_word' id='word_1_69' title='bbox 218 1271 266 1329; x_wconf 90' lang='lat' dir='ltr'>ine</span> <span class='ocrx_word' id='word_1_70' title='bbox 285 1270 392 1329; x_wconf 80' lang='lat' dir='ltr'>civium</span> <span class='ocrx_word' id='word_1_71' title='bbox 399 1311 411 1349; x_wconf 77' lang='grc'>,</span> <span class='ocrx_word' id='word_1_72' title='bbox 423 1269 455 1330; x_wconf 89' lang='lat'><strong>&amp;</strong></span> <span class='ocrx_word' id='word_1_73' title='bbox 475 1272 555 1332; x_wconf 77' lang='lat' dir='ltr'>tanto</span> <span class='ocrx_word' id='word_1_74' title='bbox 570 1272 660 1353; x_wconf 81' lang='lat' dir='ltr'>magis</span> <span class='ocrx_word' id='word_1_75' title='bbox 673 1290 741 1332; x_wconf 86' lang='lat' dir='ltr'>eum</span> 
     </span>
     <span class='ocr_line' id='line_1_14' title="bbox 78 1289 743 1430; baseline 0.009 -24"><span class='ocrx_word' id='word_1_76' title='bbox 78 1350 174 1409; x_wconf 85' lang='lat' dir='ltr'>sitiens.</span> <span class='ocrx_word' id='word_1_77' title='bbox 182 1289 322 1430; x_wconf 55' lang='lat' dir='ltr'>lituique</span> <span class='ocrx_word' id='word_1_78' title='bbox 340 1350 374 1410; x_wconf 72' lang='grc' dir='ltr'>δι</span> <span class='ocrx_word' id='word_1_79' title='bbox 390 1347 451 1409; x_wconf 82' lang='lat' dir='ltr'>haec</span> <span class='ocrx_word' id='word_1_80' title='bbox 467 1351 623 1410; x_wconf 79' lang='lat' dir='ltr'>necessitas</span> <span class='ocrx_word' id='word_1_81' title='bbox 636 1351 743 1412; x_wconf 79' lang='lat' dir='ltr'>vitium</span> 
     </span>
     <span class='ocr_line' id='line_1_15' title="bbox 79 1427 743 1513; baseline 0.006 -25"><span class='ocrx_word' id='word_1_82' title='bbox 79 1432 235 1502; x_wconf 79' lang='lat' dir='ltr'>comitatur,</span> <span class='ocrx_word' id='word_1_83' title='bbox 253 1446 286 1488; x_wconf 87' lang='lat' dir='ltr'>ut</span> <span class='ocrx_word' id='word_1_84' title='bbox 308 1427 622 1491; x_wconf 79' lang='lat' dir='ltr'>bibendi.c0nsuetud0</span> <span class='ocrx_word' id='word_1_85' title='bbox 640 1446 743 1513; x_wconf 81' lang='lat' dir='ltr'>augeat</span> 
     </span>
     <span class='ocr_line' id='line_1_16' title="bbox 81 1507 743 1592; baseline 0.006 -25"><span class='ocrx_word' id='word_1_86' title='bbox 81 1509 242 1571; x_wconf 84' lang='lat' dir='ltr'>aviditatem.</span> <span class='ocrx_word' id='word_1_87' title='bbox 263 1507 429 1591; x_wconf 68' lang='lat' dir='ltr'>scitumque</span> <span class='ocrx_word' id='word_1_88' title='bbox 451 1508 492 1569; x_wconf 90' lang='lat' dir='ltr'>est</span> <span class='ocrx_word' id='word_1_89' title='bbox 516 1507 690 1592; x_wconf 87' lang='lat' dir='ltr'>Scytharum</span> <span class='ocrx_word' id='word_1_90' title='bbox 699 1509 743 1572; x_wconf 86' lang='lat' dir='ltr'>le·</span> 
     </span>
     <span class='ocr_line' id='line_1_17' title="bbox 82 1589 742 1676; baseline 0.009 -28"><span class='ocrx_word' id='word_1_91' title='bbox 82 1592 150 1670; x_wconf 77' lang='lat' dir='ltr'>gari,</span> <span class='ocrx_word' id='word_1_92' title='bbox 168 1613 185 1645; x_wconf 81' lang='lat' dir='ltr'>tt</span> <span class='ocrx_word' id='word_1_93' title='bbox 195 1589 378 1672; x_wconf 82' lang='lat' dir='ltr'>quantoplus</span> <span class='ocrx_word' id='word_1_94' title='bbox 395 1589 520 1651; x_wconf 87' lang='lat' dir='ltr'>biberint</span> <span class='ocrx_word' id='word_1_95' title='bbox 530 1634 542 1668; x_wconf 89' lang='lat'>‚</span> <span class='ocrx_word' id='word_1_96' title='bbox 553 1593 634 1654; x_wconf 73' lang='lat' dir='ltr'>tanto</span> <span class='ocrx_word' id='word_1_97' title='bbox 649 1594 742 1676; x_wconf 80' lang='lat' dir='ltr'>magis</span> 
     </span>
     <span class='ocr_line' id='line_1_18' title="bbox 82 1669 349 1732; baseline 0.026 -7"><span class='ocrx_word' id='word_1_98' title='bbox 82 1692 100 1725; x_wconf 76' lang='lat' dir='ltr'>o</span> <span class='ocrx_word' id='word_1_99' title='bbox 111 1673 179 1731; x_wconf 88' lang='lat' dir='ltr'>sitire</span> <span class='ocrx_word' id='word_1_100' title='bbox 191 1669 310 1732; x_wconf 84' lang='lat' dir='ltr'>Parthos</span> <span class='ocrx_word' id='word_1_101' title='bbox 318 1696 349 1732; x_wconf 79' lang='lat' dir='ltr'>rr.</span> 
     </span>
    </p>

    <p class='ocr_par' dir='ltr' id='par_1_4' title="bbox 85 1749 823 2938">
     <span class='ocr_line' id='line_1_19' title="bbox 117 1749 742 1836; baseline 0.008 -23"><span class='ocrx_word' id='word_1_102' title='bbox 117 1749 283 1814; x_wconf 58' lang='lat' dir='ltr'>XXerEst</span> <span class='ocrx_word' id='word_1_103' title='bbox 306 1751 340 1814; x_wconf 89' lang='lat'>&amp;</span> <span class='ocrx_word' id='word_1_104' title='bbox 360 1749 528 1828; x_wconf 79' lang='lat' dir='ltr'>Occidentis</span> <span class='ocrx_word' id='word_1_105' title='bbox 550 1753 668 1836; x_wconf 86' lang='lat' dir='ltr'>populis</span> <span class='ocrx_word' id='word_1_106' title='bbox 692 1752 742 1819; x_wconf 81' lang='lat' dir='ltr'>sua</span> 
     </span>
     <span class='ocr_line' id='line_1_20' title="bbox 85 1828 741 1916; baseline 0.011 -25"><span class='ocrx_word' id='word_1_107' title='bbox 85 1828 206 1905; x_wconf 69' lang='lat' dir='ltr'>ebriens,</span> <span class='ocrx_word' id='word_1_108' title='bbox 222 1832 266 1893; x_wconf 83' lang='lat' dir='ltr'>fru</span> <span class='ocrx_word' id='word_1_109' title='bbox 288 1854 304 1893; x_wconf 93' lang='lat' dir='ltr'>e</span> <span class='ocrx_word' id='word_1_110' title='bbox 323 1834 464 1895; x_wconf 74' lang='lat' dir='ltr'>madidi:</span> <span class='ocrx_word' id='word_1_111' title='bbox 488 1834 615 1916; x_wconf 90' lang='lat' dir='ltr'>pluribus</span> <span class='ocrx_word' id='word_1_112' title='bbox 642 1837 741 1899; x_wconf 85' lang='lat' dir='ltr'>modis</span> 
     </span>
     <span class='ocr_line' id='line_1_21' title="bbox 85 1911 747 1995; baseline 0.009 -24"><span class='ocrx_word' id='word_1_113' title='bbox 85 1912 244 1991; x_wconf 80' lang='lat' dir='ltr'>pchallios&#39;</span> <span class='ocrx_word' id='word_1_114' title='bbox 279 1912 399 1995; x_wconf 82' lang='lat' dir='ltr'>‘spanias</span> <span class='ocrx_word' id='word_1_115' title='bbox 414 1934 469 1989; x_wconf 85' lang='lat' dir='ltr'>ue,</span> <span class='ocrx_word' id='word_1_116' title='bbox 485 1911 651 1976; x_wconf 82' lang='lat' dir='ltr'>nominibus</span> <span class='ocrx_word' id='word_1_117' title='bbox 661 1917 747 1993; x_wconf 53' lang='lat' dir='ltr'>aliisj</span> 
     </span>
     <span class='ocr_line' id='line_1_22' title="bbox 86 1938 745 2082; baseline 0.017 -33"><span class='ocrx_word' id='word_1_118' title='bbox 86 1989 127 2052; x_wconf 87' lang='lat' dir='ltr'>sed</span> <span class='ocrx_word' id='word_1_119' title='bbox 142 1998 242 2057; x_wconf 88' lang='lat' dir='ltr'>ratione</span> <span class='ocrx_word' id='word_1_120' title='bbox 252 1995 374 2082; x_wconf 74' lang='lat' dir='ltr'>eidem.</span> <span class='ocrx_word' id='word_1_121' title='bbox 394 1938 538 2077; x_wconf 57' lang='lat' dir='ltr'>ilispaniae</span> <span class='ocrx_word' id='word_1_122' title='bbox 555 1995 615 2075; x_wconf 86' lang='lat' dir='ltr'>jam</span> <span class='ocrx_word' id='word_1_123' title='bbox 631 1997 666 2059; x_wconf 70' lang='grc' dir='ltr'>δι</span> <span class='ocrx_word' id='word_1_124' title='bbox 688 2017 745 2060; x_wconf 81' lang='lat' dir='ltr'>ve-</span> 
     </span>
     <span class='ocr_line' id='line_1_23' title="bbox 86 2070 745 2160; baseline 0.012 -30"><span class='ocrx_word' id='word_1_125' title='bbox 86 2070 280 2137; x_wconf 73' lang='lat' dir='ltr'>tustatemierre</span> <span class='ocrx_word' id='word_1_126' title='bbox 294 2095 328 2135; x_wconf 86' lang='lat' dir='ltr'>ea</span> <span class='ocrx_word' id='word_1_127' title='bbox 336 2095 441 2158; x_wconf 84' lang='lat' dir='ltr'>genera</span> <span class='ocrx_word' id='word_1_128' title='bbox 449 2077 620 2138; x_wconf 88' lang='lat' dir='ltr'>docuerunt.</span> <span class='ocrx_word' id='word_1_129' title='bbox 629 2076 745 2160; x_wconf 80' lang='lat' dir='ltr'><strong>AEgyp·</strong></span> 
     </span>
     <span class='ocr_line' id='line_1_24' title="bbox 88 2154 745 2239; baseline 0.012 -28"><span class='ocrx_word' id='word_1_130' title='bbox 88 2167 125 2211; x_wconf 87' lang='lat' dir='ltr'>rus</span> <span class='ocrx_word' id='word_1_131' title='bbox 139 2176 246 2239; x_wconf 86' lang='lat' dir='ltr'>quoque</span> <span class='ocrx_word' id='word_1_132' title='bbox 264 2176 281 2216; x_wconf 92' lang='lat' dir='ltr'>e</span> <span class='ocrx_word' id='word_1_133' title='bbox 298 2154 381 2237; x_wconf 84' lang='lat' dir='ltr'>fruge</span> <span class='ocrx_word' id='word_1_134' title='bbox 398 2157 452 2216; x_wconf 88' lang='lat' dir='ltr'>sibi</span> <span class='ocrx_word' id='word_1_135' title='bbox 470 2173 556 2239; x_wconf 74' lang='lat' dir='ltr'>potue</span> <span class='ocrx_word' id='word_1_136' title='bbox 576 2157 683 2219; x_wconf 84' lang='lat' dir='ltr'>similes</span> <span class='ocrx_word' id='word_1_137' title='bbox 694 2179 745 2219; x_wconf 81' lang='lat' dir='ltr'>ex·</span> 
     </span>
     <span class='ocr_line' id='line_1_25' title="bbox 88 2236 749 2396; baseline 0.012 -26"><span class='ocrx_word' id='word_1_138' title='bbox 88 2236 396 2378; x_wconf 55' lang='lat' dir='ltr'>{titilllsslt</span> <span class='ocrx_word' id='word_1_139' title='bbox 410 2236 749 2396; x_wconf 58' lang='lat' dir='ltr'>inseritis:</span> 
     </span>
     <span class='ocr_line' id='line_1_26' title="bbox 89 2391 748 2472; baseline 0.012 -21"><span class='ocrx_word' id='word_1_140' title='bbox 89 2391 123 2453; x_wconf 89' lang='lat' dir='ltr'>les</span> <span class='ocrx_word' id='word_1_141' title='bbox 140 2395 252 2472; x_wconf 87' lang='lat' dir='ltr'>succos,</span> <span class='ocrx_word' id='word_1_142' title='bbox 266 2416 320 2457; x_wconf 88' lang='lat' dir='ltr'>trec</span> <span class='ocrx_word' id='word_1_143' title='bbox 339 2395 499 2467; x_wconf 89' lang='lat' dir='ltr'>diluendo,</span> <span class='ocrx_word' id='word_1_144' title='bbox 518 2410 551 2454; x_wconf 84' lang='lat' dir='ltr'>nt</span> <span class='ocrx_word' id='word_1_145' title='bbox 568 2397 657 2469; x_wconf 85' lang='lat' dir='ltr'>vina,</span> <span class='ocrx_word' id='word_1_146' title='bbox 673 2398 748 2459; x_wconf 86' lang='lat' dir='ltr'>miti·</span> 
     </span>
     <span class='ocr_line' id='line_1_27' title="bbox 89 2472 749 2618; baseline 0.008 -85"><span class='ocrx_word' id='word_1_147' title='bbox 89 2476 212 2617; x_wconf 60' lang='lat' dir='ltr'>ganndrllt)</span> <span class='ocrx_word' id='word_1_148' title='bbox 225 2477 357 2616; x_wconf 48' lang='lat' dir='ltr'>hercuffs</span> <span class='ocrx_word' id='word_1_149' title='bbox 375 2472 648 2573; x_wconf 34' lang='lat' dir='ltr'>illicotellussruges</span> <span class='ocrx_word' id='word_1_150' title='bbox 656 2497 749 2618; x_wconf 54' lang='lat' dir='ltr'>ffe-</span> 
     </span>
     <span class='ocr_line' id='line_1_28' title="bbox 89 2573 748 2619; baseline 0.008 -8"><span class='ocrx_word' id='word_1_151' title='bbox 89 2573 114 2613; x_wconf 85' lang='lat' dir='ltr'>re</span> <span class='ocrx_word' id='word_1_152' title='bbox 130 2577 157 2616; x_wconf 85' lang='lat' dir='ltr'>vr</span> <span class='ocrx_word' id='word_1_153' title='bbox 177 2578 192 2617; x_wconf 94' lang='lat' dir='ltr'>e</span> <span class='ocrx_word' id='word_1_154' title='bbox 213 2573 285 2618; x_wconf 88' lang='lat' dir='ltr'>atur.</span> <span class='ocrx_word' id='word_1_155' title='bbox 340 2577 376 2618; x_wconf 87' lang='lat' dir='ltr'>eu</span> <span class='ocrx_word' id='word_1_156' title='bbox 411 2577 483 2617; x_wconf 87' lang='lat' dir='ltr'>mrra</span> <span class='ocrx_word' id='word_1_157' title='bbox 499 2573 637 2617; x_wconf 76' lang='lat' dir='ltr'>vitrorum</span> <span class='ocrx_word' id='word_1_158' title='bbox 668 2577 748 2619; x_wconf 88' lang='lat' dir='ltr'>oer-</span> 
     </span>
     <span class='ocr_line' id='line_1_29' title="bbox 89 2602 748 2721; baseline 0.012 -29"><span class='ocrx_word' id='word_1_159' title='bbox 89 2633 140 2707; x_wconf 86' lang='lat' dir='ltr'>tia,</span> <span class='ocrx_word' id='word_1_160' title='bbox 157 2639 305 2698; x_wconf 88' lang='lat' dir='ltr'>inventum</span> <span class='ocrx_word' id='word_1_161' title='bbox 327 2635 369 2697; x_wconf 86' lang='lat' dir='ltr'>est</span> <span class='ocrx_word' id='word_1_162' title='bbox 385 2602 642 2719; x_wconf 62' lang='lat' dir='ltr'>’quemadmodum</span> <span class='ocrx_word' id='word_1_163' title='bbox 673 2657 748 2721; x_wconf 83' lang='lat' dir='ltr'>aqua</span> 
     </span>
     <span class='ocr_line' id='line_1_30' title="bbox 89 2715 769 2798; baseline 0.007 -23"><span class='ocrx_word' id='word_1_164' title='bbox 89 2733 190 2796; x_wconf 86' lang='lat' dir='ltr'>quoque</span> <span class='ocrx_word' id='word_1_165' title='bbox 200 2718 364 2779; x_wconf 87' lang='lat' dir='ltr'>inebriaret.</span> <span class='ocrx_word' id='word_1_166' title='bbox 376 2715 448 2779; x_wconf 91' lang='lat' dir='ltr'>Duo</span> <span class='ocrx_word' id='word_1_167' title='bbox 461 2717 525 2779; x_wconf 89' lang='lat' dir='ltr'>sunt</span> <span class='ocrx_word' id='word_1_168' title='bbox 539 2716 667 2798; x_wconf 85' lang='lat' dir='ltr'>liquores</span> <span class='ocrx_word' id='word_1_169' title='bbox 682 2739 750 2780; x_wconf 87' lang='lat' dir='ltr'>cor·</span> <span class='ocrx_word' id='word_1_170' title='bbox 765 2735 769 2740; x_wconf 84' lang='grc'><strong>’</strong></span> 
     </span>
     <span class='ocr_line' id='line_1_31' title="bbox 87 2797 823 2938; baseline 0.003 -78"><span class='ocrx_word' id='word_1_171' title='bbox 87 2797 192 2878; x_wconf 77' lang='lat' dir='ltr'>potibus</span> <span class='ocrx_word' id='word_1_172' title='bbox 202 2798 332 2863; x_wconf 76' lang='lat' dir='ltr'>humanis</span> <span class='ocrx_word' id='word_1_173' title='bbox 345 2799 494 2885; x_wconf 80' lang='lat' dir='ltr'>gratissimi</span> <span class='ocrx_word' id='word_1_174' title='bbox 503 2839 515 2873; x_wconf 89' lang='lat'>‚</span> <span class='ocrx_word' id='word_1_175' title='bbox 524 2797 600 2938; x_wconf 58' lang='grc' dir='ltr'><strong>ὶιὲωε</strong></span> <span class='ocrx_word' id='word_1_176' title='bbox 610 2800 689 2879; x_wconf 84' lang='lat' dir='ltr'>vini,</span> <span class='ocrx_word' id='word_1_177' title='bbox 701 2797 751 2869; x_wconf 63' lang='lat' dir='ltr'>fo,</span> <span class='ocrx_word' id='word_1_178' title='bbox 819 2804 823 2809; x_wconf 90' lang='grc'>’</span> 
     </span>
    </p>

    <p class='ocr_par' dir='ltr' id='par_1_5' title="bbox 569 2900 592 2942">
     <span class='ocr_line' id='line_1_32' title="bbox 569 2900 592 2942; baseline 0 0"><span class='ocrx_word' id='word_1_179' title='bbox 569 2900 592 2942; x_wconf 79' lang='lat' dir='ltr'>v</span> 
     </span>
    </p>
   </div>
   <div class='ocr_carea' id='block_1_3' title="bbox 0 0 1007 3575">
    <p class='ocr_par' dir='ltr' id='par_1_6' title="bbox 0 0 1007 3575">
     <span class='ocr_line' id='line_1_33' title="bbox 0 0 1007 3575; baseline 0 0"><span class='ocrx_word' id='word_1_180' title='bbox 0 0 1007 3575; x_wconf 95' lang='lat' dir='ltr'> </span> 
     </span>
    </p>
   </div>
  </div>
 </body>
</html>
