1975 3575
236 259 281 333 74
336 232 802 305 ίῖΡιιΝιιΝΑτυιι.
887 290 889 296 ,

235 357 340 422 durare
357 352 436 416 idem
460 350 592 433 Nepos:
615 349 773 433 liaccasque
794 350 927 414 concisae

234 455 303 496 cum
322 433 393 494 alica
414 434 452 494 ad
472 434 553 494 cibos
573 433 659 493 doliis
680 433 777 494 condi.
793 432 928 513 Quin&

236 516 380 576 exercitus
401 512 497 597 pastos
519 535 556 575 eo
578 515 765 595 accepimus,
783 517 859 575 ultro
879 518 923 574 ci-

235 614 341 677 troque
357 612 555 656 commeantes
580 614 633 676 per
660 593 801 655 Africam.
828 594 934 677 Ligno·

235 679 320 740 colos
333 678 425 758 niger.
442 675 492 736 Ad
505 676 638 735 tibiarum
653 691 752 734 cantus
767 678 923 755 expetitur.

235 757 261 820 E
276 758 372 818 radice
387 757 510 818 cultellis
521 756 657 837 capulos,
674 754 838 837 brevesque
849 756 922 817 alios

236 838 302 901 usus
320 840 492 920 excogitant.
507 836 579 897 Haec
591 837 631 896 ibi
651 854 751 897 natura
762 838 883 897 arboris.

250 980 256 990 ,
277 918 328 981 Est
347 935 445 980 autern
464 918 572 979 eodem
593 918 875 993 nomine&herba‚
887 919 921 981 &

235 1003 266 1064 in
287 1000 326 1060 AE
346 1018 421 1081 ypto
440 1001 528 1061 caulis
557 1000 588 1059 in
615 996 781 1078 palustrium
805 1019 924 1079 genere.

235 1021 452 1142 Recesentibus
473 1082 553 1139 enim
570 1081 650 1159 aquis
669 1078 729 1139 Nili
751 1080 838 1159 riguis
853 1102 923 1160 pto·

121 1209 134 1236 x
236 1163 320 1222 venit
343 1161 444 1218 similis
462 1158 536 1222 fabae
554 1159 656 1231 caule,
675 1157 808 1240 foliisque
832 1160 924 1221 denari

237 1242 375 1323 congerie
385 1238 514 1323 stipatis,
527 1240 711 1300 brevioribus
719 1243 831 1300 rantum
839 1286 849 1315 ‚
858 1261 923 1323 gra·

235 1319 461 1404 qilioribusque:
482 1323 528 1381 cui
547 1319 654 1381 fructus
674 1321 816 1400 incapite
834 1344 873 1403 pa
894 1344 924 1382 a·
963 1321 966 1332 '

236 1405 302 1468 veri
322 1405 421 1464 similis
440 1400 583 1474 incisuris,
592 1404 732 1483 omnique
743 1401 801 1462 alio
812 1344 923 1465 mocio:

161 1489 163 1502 '
235 1487 314 1546 intus
336 1502 440 1564 grana,
459 1501 515 1542 ceu
532 1482 655 1542 milium.
666 1481 775 1542 Incolae
786 1503 820 1542 ca
841 1485 883 1543 ita
893 1486 924 1545 in

236 1566 351 1624 acervis
371 1560 561 1643 putrefaciunt
572 1584 666 1624 :mox
677 1560 808 1644 separant
819 1504 925 1624 iavan·

238 1645 298 1718 do,
317 1645 350 1704 &
370 1645 475 1703 siccata
489 1644 734 1725 tundunt,eoque
745 1664 820 1725 pane
839 1661 927 1705 utun·

237 1737 294 1784 tur.
321 1722 432 1782 Mirum
451 1722 515 1798 est,
536 1726 618 1807 quod
630 1741 732 1807 praeter
751 1725 812 1785 haec
832 1727 927 1786 tradi·

236 1821 302 1867 tur:
318 1802 386 1864 Sole
406 1806 560 1867 occidente
578 1827 722 1946 padpavera
745 1827 779 1867 ea
796 1810 925 1888 compri-

238 1887 302 1958 mi,
324 1885 457 1969 &integi
472 1885 566 1947 foliis:
585 1907 603 1946 a
637 1905 733 1948 ortum
744 1904 843 1948 autern
857 1909 927 1969 ape·

235 1965 436 2108 ,ιὶτὶἇέοηεεὰ
448 1966 660 2108 maturescant,
683 1965 793 2049 flosque
812 1971 863 2050 qui
880 1967 926 2033 est

237 2067 292 2111 Can
313 2070 323 2107 1
343 2068 376 2108 us
436 2069 481 2109 etl
502 2065 542 2109 at·

234 2157 260 2213 4
283 2126 331 2189 18.
351 2091 418 2189 Hcic
440 2129 562 2213 amplius
579 2130 609 2189 in
620 2128 765 2212 Euphrate
782 2129 922 2204 tradunt‚'

237 2209 274 2271 ὃ(
287 2226 373 2291 caput
392 2208 484 2291 ipsum
507 2213 540 2274 &
561 2212 665 2272 florem
682 2210 804 2291 vesperi
825 2214 925 2294 mergi

237 2289 328 2373 usque
344 2293 374 2351 in
390 2292 502 2354 medias
519 2291 637 2365 ποᾶεε,
656 2309 808 2373 totumque
839 2293 926 2353 abire

238 2374 271 2435 'tn
286 2374 396 2443 altum,
422 2392 454 2434 ur
478 2395 517 2434 ne
545 2373 669 2432 demissa
689 2375 808 2512 guidem
832 2393 924 2434 manu

237 2457 331 2533 possit
352 2455 490 2513 inueniri.
519 2452 603 2513 Verti
622 2454 689 2514 dein
711 2473 743 2526 e,
764 2453 923 2534 paulatim-

237 2553 297 2613 que
318 2528 444 2614 subrigi,
467 2534 500 2594 &
517 2533 557 2595 ad
578 2552 711 2595 exortum
727 2532 803 2594 Solis
823 2555 923 2607 emere

238 2632 306 2694 gere
327 2629 405 2674 extra
423 2633 548 2695 aquam,
564 2635 596 2675 ac
618 2616 722 2676 florem
733 2613 926 2698 patefacere,

237 2706 324 2774 atque
350 2696 507 2754 etiamnum
535 2694 699 2778 insurgere,
717 2713 750 2755 ut
778 2696 864 2776 plane
883 2697 922 2756 ab

238 2774 313 2853 aqua
334 2774 407 2864 absit
421 2776 490 2841 aue.
516 2774 659 2841 Radicem
679 2777 757 2841 lotos
776 2778 839 2840 haec
858 2778 922 2849 ‘hae
