1975 3575
150 274 153 279 ’
221 271 532 343 Hrsron.Lib.
551 271 633 344 XV.
688 274 755 370 163

31 412 35 445 :
81 404 108 450 to
119 431 129 460 ,
145 394 265 453 cornis:
284 392 341 451 alio
363 384 490 471 myrtis,
507 390 636 453 lentisco.
659 390 686 453 Α
711 396 757 453 ui·
809 466 811 469 Ι

80 467 144 532 solio
164 473 245 532 enini
266 493 300 532 ac
319 469 407 553 spinae
432 474 494 532 sine
514 471 599 533 succo
618 492 691 533 :me
714 474 758 534 'o-

80 571 129 631 que
148 556 311 613 etiamnum
329 573 436 634 genere
447 554 522 614 inter
533 552 633 615 baccas
645 554 756 616 acinos-

79 644 128 712 que
143 636 272 694 cerasis:
289 653 409 714 pomum
420 634 467 693 his
477 635 573 715 primi>
586 634 756 710 candidum,

79 714 109 773 ἃ
120 712 177 775 fere
199 715 338 775 omnibus
348 713 452 775 baccis.
464 713 541 774 Mox
549 716 612 775 aliis
620 714 754 790 virescit,

79 809 106 851 nt
116 794 219 869 olivis,
239 795 325 854 lauris
336 816 344 854 t
356 795 441 854 rubet
454 797 529 856 verb
544 797 653 868 moris,
673 815 756 855 cera-

81 874 130 946 sis,
143 880 250 937 cornis.
265 873 385 936 Deinde
403 873 536 959 nigrescit
552 877 641 938 moris
650 918 663 949 ‚
673 895 755 937 cera·

81 956 128 1023 sis,
140 957 238 1017 olivis.

114 1034 208 1097 XXX.
227 1057 276 1119 25.
298 1034 403 1098 Gerasi
426 1052 492 1098 ante
521 1035 672 1098 visleriam
692 1034 757 1098 Mi-

82 1114 251 1177 thridaticam
270 1117 305 1178 L.
322 1117 435 1178 Luculli
454 1139 515 1178 non
527 1115 756 1190 fuereinltalii,

83 1195 113 1254 ad
124 1196 208 1258 Urbis
225 1219 335 1258 annum
354 1216 499 1260 ncuxxx.
518 1197 546 1259 ls
557 1201 681 1281 primunt
699 1220 754 1259 ve·

84 1277 119 1337 xit
134 1299 149 1339 e
165 1277 262 1341 Ponto
273 1301 281 1339 ε
294 1277 431 1361 annisque
459 1296 537 1341 cxx.
557 1297 633 1339 trans
654 1277 755 1341 Ocea·

85 1378 144 1417 nuni
160 1361 188 1419 in
204 1360 384 1422 Britanniam
402 1359 491 1442 usque
510 1379 680 1441 pervenere.
699 1357 756 1418 Ea⁴

87 1437 161 1510 dent,
178 1458 209 1501 ut
228 1442 375 1515 diximus,
394 1442 423 1500 in
440 1440 574 1522 AEgypto
593 1439 672 1499 nulli
685 1438 757 1500 curi

87 1536 193 1597 potuere
214 1524 302 1604 gigni.
326 1518 500 1581 Cerasorum
515 1521 683 1600 Aproniana
695 1539 756 1579 ma·
827 1532 831 1541 ·

87 1599 152 1659 nimi
164 1602 266 1661 rubent
276 1625 287 1663 r
299 1603 449 1683 nigerrima
460 1600 523 1661 sunt
536 1601 666 1661 Lutatia:
682 1597 753 1661 Cae·

52 1682 54 1687 ’
90 1680 175 1747 tiliana
199 1684 274 1743 verb
292 1683 325 1742 δι
345 1681 479 1742 rotunda.
505 1681 631 1742 iunianis
657 1697 757 1763 gratus

89 1755 172 1899 saepes,
189 1761 239 1825 sed
253 1782 338 1844 pene
355 1763 467 1823 tantbm
491 1760 543 1822 sub
559 1762 663 1824 urbere
686 1759 754 1834 sui,

121 1861 153 1902 eo
168 1847 296 1915 tenetis,
314 1860 346 1902 ut
372 1842 512 1925 gestatum
533 1864 592 1903 non
614 1845 753 1905 tolerent.

90 1916 249 2005 principatus
264 1924 425 1993 duracinis,
441 1945 506 2006 quae
518 1923 645 1986 Pliniana
665 1921 755 1983 Cam·

89 2004 161 2140 ῐιιία
181 2004 325 2086 appellat:
341 2007 374 2064 in
388 2003 506 2087 Belgica
516 2005 588 2066 verb
600 2003 753 2066 Lusitanis.

137 2086 199 2165 ripis
216 2088 303 2147 etiam
318 2084 433 2157 Rheni,
453 2086 551 2145 tertius
569 2087 603 2146 iis
626 2085 710 2146 colos
734 2101 754 2144 e

91 2163 160 2302 nigro
176 2187 208 2226 ac
227 2167 343 2227 rubenti
364 2166 525 2245 nitidique,
545 2166 646 2234 similis
658 2179 754 2225 matu·

93 2247 245 2308 recentibus
266 2244 391 2327 semper.
408 2244 508 2305 Minus
521 2246 753 2326 quinquennium

93 2321 140 2396 est,
154 2329 228 2407 qubd
248 2328 407 2410 prodiere,
429 2346 495 2407 quae
511 2342 618 2384 vocant
636 2325 756 2397 laurea,

92 2422 142 2463 non
156 2409 266 2490 ingratae
283 2406 498 2478 amaritudinis,
514 2405 604 2463 insitre
621 2401 755 2465 in-lauro.

92 2479 152 2546 Sunt
169 2490 200 2550 ὃ(
218 2489 409 2550 Macedonica
421 2507 519 2569 parvae
537 2484 647 2545 arboris
658 2529 668 2557 ,
678 2480 753 2542 rard-

92 2564 755 2645 queniacubitaexcedennse&minoreetiam
837 2627 840 2634 ,

92 2662 149 2706 nuru
159 2647 274 2726 frutice,
284 2652 491 2712 chamtecerasi.
506 2646 585 2709 Inter
594 2649 688 2729 prima
694 2644 753 2726 hoe

91 2731 205 2804 epomis
223 2733 331 2793 colono
350 2733 469 2813 gratiam
499 2747 622 2789 annuam
653 2723 754 2786 refert.
812 2733 815 2737 ’

92 2800 287 2894 septentrione
306 2809 471 2914 frigidisque
488 2805 611 2895 gaudet:
630 2808 754 2871 siccatur
