1975 3575
195 297 405 369 Hrsrou.
429 290 629 364 LibilVll.
683 312 756 390 257

69 438 132 504 sper
149 438 196 479 aet
214 415 273 488 est,
292 432 324 475 ut
345 416 375 474 in
393 411 538 553 AEgygto.
563 409 755 473 continuatio

77 504 156 577 ,enim
183 501 217 562 &
245 494 305 577 ipsa
331 492 468 575 consuetu
490 514 534 563 o,
560 493 637 552 idem
668 491 751 574 quod

85 581 180 644 modus
206 578 302 638 aliubi.
324 572 431 636 efficit:
454 573 664 655 plurimumque
686 566 754 654 pro'·

76 660 349 739 „destyubicumque-
372 675 433 715 non
462 651 519 715 elle
540 652 621 734 quod
640 665 755 717 noceat·

85 740 118 802 In
141 738 252 818 majore.
273 755 355 820 parte
381 734 486 808 orbis,
509 735 577 795 cium
608 752 754 813 praecocer

84 821 226 882 excurrite
256 818 499 901 germinationes,
532 830 662 875 evocatae
702 813 753 872 in·

83 901 221 984 dulgentii
252 898 335 968 caeli,
363 896 465 957 securis
500 892 656 976 frigoribus
682 912 755 952 exu-

83 1000 183 1042 runtur.
221 977 295 1058 Qui
324 977 362 1038 de
390 974 476 1037 causi
495 974 627 1034 serotinae
643 974 755 1033 hiemes
837 1032 841 1041 ,

75 1064 186 1134 ,uoxiae‚
204 1057 379 1120 silvestribus
412 1075 550 1137 quoque:
570 1075 635 1136 quae
663 1054 755 1134 magis

84 1146 164 1203 etiarn
184 1141 284 1202 dolent
297 1154 418 1278 urgente
438 1135 540 1196 umbri
556 1132 623 1208 sui,
638 1154 692 1193 nec
703 1130 755 1193 ad·

78 1218 199 1304 juvante.
213 1220 338 1282 medicin
362 1241 370 1280 ε
387 1216 503 1301 quando
521 1213 626 1276 vestire
640 1232 754 1275 teneras

81 1307 183 1366 intorto
201 1300 356 1363 stramento
378 1300 408 1359 in
431 1294 605 1358 silvestribus
621 1317 684 1356 non
700 1293 754 1356 est.

81 1380 119 1446 Er
138 1406 155 1445 o
171 1380 349 1466 tempestivae
372 1399 453 1461 aquae
479 1376 604 1438 hibernis
628 1377 755 1458 primitur

78 1467 90 1524 i
141 1465 232 1537 ribus,
254 1461 361 1523 deinde
385 1459 625 1543 germinationem
637 1473 755 1516 antece-

81 1546 218 1607 dentibus.
237 1542 373 1604 Tertium
391 1558 506 1621 tempus
527 1537 585 1609 est,
605 1539 672 1598 cium
686 1536 755 1599 edu·

71 1643 145 1709 ¹cant
163 1645 265 1706 potua:
285 1643 341 1684 nec
360 1622 510 1703 protinus,
531 1617 581 1679 sed
598 1616 657 1695 jam
682 1616 755 1677 vali·

72 1707 117 1775 ,tio
138 1705 208 1768 fetu.
225 1703 305 1784 Quae
323 1701 430 1764 frublus
451 1698 517 1760 suos
534 1700 641 1759 diutiirs
661 1697 754 1762 conti-

79 1807 165 1864 nent,
183 1782 385 1869 longioresque
406 1780 567 1842 desiderant
588 1779 689 1852 cibos,
706 1779 751 1839 bis

74 1871 110 1949 ¹&
127 1869 261 1931 serotinae.
275 1887 355 1949 aquae
383 1862 493 1926 utiles:
512 1880 544 1923 ut
568 1863 640 1936 viti,
659 1860 753 1932 oleae,

79 1945 197 2010 Punicis}
213 1948 268 2008 Hae
284 1945 342 2025 jam
358 1942 466 2027 pluviae
472 1945 596 2083 generis
614 1939 753 2021 cujusque

76 2031 223 2093 arboribus
243 2024 361 2089 diverso
369 2024 460 2086 modo
493 2021 754 2094 esiderantur‚aliis

78 2109 129 2172 alio
139 2129 273 2191 tempore
282 2102 692 2186 maturantibus.Quapropter
703 2097 754 2160 eil·

78 2190 141 2273 dem
160 2191 303 2252 imbribus
319 2185 413 2266 aliqua
430 2182 498 2242 laedi'
515 2183 637 2254 videas,
658 2180 753 2261 aliqua

76 2265 185 2351 juvari,
206 2272 296 2331 etiam
315 2269 344 2325 in
368 2263 475 2323 eodem
494 2282 621 2343 genere,
638 2263 712 2320 sicut
723 2259 754 2319 in

76 2355 162 2434 piris:
185 2351 243 2411 alio
268 2348 317 2408 die
334 2344 454 2404 hiberna
475 2356 604 2423 quaerunt
623 2339 754 2419 pluvias,

76 2433 129 2494 alio
141 2433 217 2495 verb
229 2428 388 2510 praecocia,
399 2441 432 2485 ut
448 2426 554 2505 pariter
563 2418 679 2501 quidem
692 2437 756 2479 om·

77 2515 121 2573 nia
138 2510 316 2573 desiderent.
335 2504 499 2567 Hibernun
516 2518 629 2581 tempus
646 2497 686 2562 est
704 2518 756 2562 an·

69 2608 104 2656 re
124 2592 381 2676 germinationem,
402 2607 468 2670 quae
489 2582 668 2667 Aquilonem
690 2578 755 2642 Au-

77 2669 132 2736 stro
151 2670 299 2734 utiliorem
322 2668 402 2730 facit.
431 2664 519 2727 Ratio
540 2663 644 2724 eadem
663 2658 754 2726 medi-

69 2747 208 2814 terranea
230 2747 376 2813 maritimis
388 2745 519 2829 praefert:
532 2744 594 2805 sunt
603 2743 680 2804 enim
691 2739 753 2822 ple·

67 2827 201 2917 {rumque
209 2829 372 2918 frigidiora:
393 2822 687 2910 &montuosaplania
698 2821 756 2896 ,ἃ
