1975 3575
957 54 960 133 i

216 237 285 334 296
334 230 370 307 C.
398 228 798 306 PrrnrrNArun.

214 353 685 436 cotoneis,itemsorbis,prunis‚
719 354 761 415 ost
769 352 878 415 mediant

213 437 342 497 hiemem
362 440 393 495 in
406 437 475 497 ldus
489 435 665 496 Februarias.
685 376 796 517 §liqna
810 433 880 495 Grae·

213 538 256 576 cae
277 518 310 577 &
330 515 468 588 Persicis,
481 534 547 576 ante
564 514 696 576 brumam
717 537 768 597 per
783 532 881 576 autum·

213 617 297 658 num.
307 595 456 667 Nucibus,
463 594 608 679 iuglandi,
619 598 651 658 δι
659 599 751 676 pineae
759 640 768 669 ,
777 597 806 658 &
815 594 883 655 aves*

214 677 308 749 sanae,
326 678 357 738 dt
371 676 506 749 Graecae,
524 694 610 757 atque
627 675 779 749 caihneae,
799 675 886 757 aKa·¹

214 757 309 818 lendis
328 756 441 817 Martiis
460 757 497 816 ad
510 756 577 816 ldus
592 755 717 816 easdem.
737 755 884 838 Salici‚ge·7

216 836 318 907 nisiae,
337 839 411 897 circa
431 837 551 897 Martias
580 837 734 897 Kalendas.
759 836 834 896 Hanc
855 837 883 893 in

218 921 304 978 siccis
322 916 450 990 semine,
468 918 548 978 illam
563 919 593 976 in
612 917 736 977 humidis
753 917 828 998 virgi
845 912 884 1003 sej,

218 1001 260 1072 ri,
274 999 408 1058 diximus.
539 1012 544 1017 ’

221 1098 224 1101 ’
265 1101 311 1160 ¹9·
330 1078 377 1138 Est
396 1081 575 1137 etiamnunc
595 1099 674 1139 nova
693 1075 825 1138 inserendi
839 1094 883 1134 ra·

220 1159 283 1228 tio,
301 1180 339 1218 ne
359 1158 428 1238 quid
451 1157 541 1218 sciens
570 1160 689 1239 quidem
713 1174 886 1239 praeteream,

220 1239 302 1320 quod
325 1238 444 1319 usquam
463 1241 643 1309 invenerim,
655 1237 820 1301 Columella
843 1255 887 1296 ex·

222 1320 368 1401 cogitata,
385 1337 417 1379 ut
435 1319 567 1379 adsumat
586 1319 663 1400 ipse,
676 1321 733 1400 quai
746 1319 793 1379 ves
806 1317 888 1377 direr-

221 1399 258 1461 sae
279 1397 513 1481 insociabilesque
534 1417 639 1460 naturae
660 1403 792 1460 arborum
806 1417 888 1478 copu-

222 1481 338 1550 lentur,
353 1496 384 1539 ut
403 1478 452 1539 fici
472 1498 558 1561 atque
577 1481 660 1541 oleae.
673 1479 757 1541 Juxta
773 1480 835 1538 hanc
850 1475 889 1537 se·

222 1558 456 1638 rificumjubet
475 1581 536 1620 non
559 1562 701 1642 ampliore
730 1557 888 1630 intervallo,

224 1639 311 1720 quim
329 1659 361 1700 ut
382 1643 511 1722 contingi
531 1642 607 1723 large
629 1643 723 1722 possit
734 1661 809 1702 ramo
823 1639 887 1699 olea

222 1719 310 1801 quim
333 1720 459 1778 maxime
488 1720 603 1803 sequaci
623 1739 710 1805 atque
733 1721 885 1782 obedituro:

222 1820 351 1881 eumque
375 1802 460 1862 omni
481 1804 597 1862 interim
616 1819 751 1884 tempore
776 1798 888 1863 edomari

224 1879 416 1942 meditatione
436 1884 584 1943 curvandi.
604 1882 706 1943 Postea
725 1883 782 1945 fico
797 1877 888 1961 adepti

224 1962 316 2033 vites,
326 1957 418 2043 (quod
431 1966 547 2024 evenire
556 1966 659 2037 trimae,
668 1980 716 2024 aut
725 1968 766 2024 uti
786 1962 892 2044 ueqttin·

222 2044 335 2120 quenni
358 2041 454 2111 solet,
470 2042 484 2123 )
500 2043 667 2104 detruncati
684 1986 846 2125 superdcie,
851 2042 890 2121 ip·

224 2120 348 2204 sumque
358 2123 546 2201 deputatum,
558 2126 590 2186 dt
600 2143 632 2184 ut
642 2123 748 2185 disium
760 2123 814 2197 est,
825 2121 891 2182 adra·

225 2201 259 2263 so
278 2201 443 2276 cacumine,
463 2202 551 2285 defigi
570 2208 599 2274 in
622 2225 705 2265 crure
724 2203 790 2279 tici,
810 2201 893 2264 custo·

224 2284 321 2344 ditum
340 2283 479 2357 vinculis,
501 2304 538 2343 ne
569 2303 720 2345 curvatura
746 2285 840 2368 frigiae.
857 2277 892 2340 ita

195 2433 206 2448 ι
227 2365 357 2445 quodam
374 2367 564 2445 propaginum
575 2368 783 2448 insitorumque
795 2380 892 2445 tempe}

226 2459 374 2515 ramento,
393 2446 517 2504 triennio
537 2448 728 2506 communiter
754 2448 821 2507 duas
842 2460 892 2503 ma·

226 2540 287 2604 tres
317 2522 487 2585 coalescere.
518 2523 650 2605 Quarto*
670 2521 747 2587 anno
774 2521 893 2586 abscisum

230 2621 325 2665 toturn
349 2604 512 2684 adoptantis
540 2604 617 2680 esse,
637 2607 770 2667 nondum
794 2597 893 2685 vulgati

228 2687 356 2753 ratione,
377 2703 425 2746 aut
440 2686 511 2746 mihi
524 2686 602 2747 certe
625 2685 690 2747 satis
709 2686 862 2768 comperti„

246 2817 250 2822 .
269 2763 382 2835 XXXI.
400 2764 510 2830 Ceteris
523 2766 688 2830 eademilla
699 2768 738 2832 de
749 2758 893 2833 cuidissri:
