<?xml version="1.0" encoding="UTF-8"?>
<!DOCTYPE html PUBLIC "-//W3C//DTD XHTML 1.0 Transitional//EN"
    "http://www.w3.org/TR/xhtml1/DTD/xhtml1-transitional.dtd">
<html xmlns="http://www.w3.org/1999/xhtml" xml:lang="en" lang="en">
 <head>
  <title>
</title>
<meta http-equiv="Content-Type" content="text/html;charset=utf-8" />
  <meta name='ocr-system' content='tesseract 3.04.00' />
  <meta name='ocr-capabilities' content='ocr_page ocr_carea ocr_par ocr_line ocrx_word'/>
</head>
<body>
  <div class='ocr_page' id='page_1' title='image "./caiipliniisecun01goog_0431.png"; bbox 0 0 1975 3575; ppageno 0'>
   <div class='ocr_carea' id='block_1_1' title="bbox 96 223 717 376">
    <p class='ocr_par' dir='ltr' id='par_1_1' title="bbox 96 223 717 376">
     <span class='ocr_line' id='line_1_1' title="bbox 96 223 717 376; baseline 0.031 -42"><span class='ocrx_word' id='word_1_1' title='bbox 96 291 97 294; x_wconf 9' lang='grc' dir='ltr'><strong><em>Ν</em></strong></span> <span class='ocrx_word' id='word_1_2' title='bbox 166 267 594 348; x_wconf 73' lang='lat' dir='ltr'>urrann-riuxvm.</span> <span class='ocrx_word' id='word_1_3' title='bbox 646 223 717 376; x_wconf 79' lang='lat' dir='ltr'>4d5</span> 
     </span>
    </p>
   </div>
   <div class='ocr_carea' id='block_1_2' title="bbox 65 388 718 695">
    <p class='ocr_par' dir='ltr' id='par_1_2' title="bbox 65 388 718 695">
     <span class='ocr_line' id='line_1_2' title="bbox 66 388 718 478; baseline 0.02 -32"><span class='ocrx_word' id='word_1_4' title='bbox 66 407 91 454; x_wconf 84' lang='lat' dir='ltr'>ca</span> <span class='ocrx_word' id='word_1_5' title='bbox 105 390 237 449; x_wconf 86' lang='lat' dir='ltr'>nominata</span> <span class='ocrx_word' id='word_1_6' title='bbox 254 388 358 465; x_wconf 87' lang='lat' dir='ltr'>fuerit,</span> <span class='ocrx_word' id='word_1_7' title='bbox 377 392 463 454; x_wconf 87' lang='lat' dir='ltr'>simul</span> <span class='ocrx_word' id='word_1_8' title='bbox 474 395 632 478; x_wconf 80' lang='lat' dir='ltr'>intelligere</span> <span class='ocrx_word' id='word_1_9' title='bbox 650 395 718 478; x_wconf 85' lang='lat' dir='ltr'>Cy·</span> 
     </span>
     <span class='ocr_line' id='line_1_3' title="bbox 65 469 716 549; baseline 0.017 -22"><span class='ocrx_word' id='word_1_10' title='bbox 65 469 142 529; x_wconf 80' lang='lat' dir='ltr'>dadas</span> <span class='ocrx_word' id='word_1_11' title='bbox 158 469 279 533; x_wconf 88' lang='lat' dir='ltr'>insulas:</span> <span class='ocrx_word' id='word_1_12' title='bbox 300 474 366 544; x_wconf 83' lang='lat' dir='ltr'>citm</span> <span class='ocrx_word' id='word_1_13' title='bbox 384 473 578 549; x_wconf 85' lang='lat' dir='ltr'>Macedonia,</span> <span class='ocrx_word' id='word_1_14' title='bbox 597 476 648 536; x_wconf 86' lang='lat' dir='ltr'>Ma</span> <span class='ocrx_word' id='word_1_15' title='bbox 667 498 716 538; x_wconf 88' lang='lat' dir='ltr'>ne·</span> 
     </span>
     <span class='ocr_line' id='line_1_4' title="bbox 65 550 718 695; baseline 0.015 -86"><span class='ocrx_word' id='word_1_16' title='bbox 65 553 139 622; x_wconf 85' lang='lat' dir='ltr'>tiam,</span> <span class='ocrx_word' id='word_1_17' title='bbox 158 550 330 614; x_wconf 83' lang='lat' dir='ltr'>Thraciam:</span> <span class='ocrx_word' id='word_1_18' title='bbox 351 556 418 614; x_wconf 79' lang='lat' dir='ltr'>ciam</span> <span class='ocrx_word' id='word_1_19' title='bbox 452 554 620 695; x_wconf 54' lang='grc' dir='ltr'>Εςζρωε,</span> <span class='ocrx_word' id='word_1_20' title='bbox 679 579 718 619; x_wconf 81' lang='lat' dir='ltr'>oe·</span> 
     </span>
    </p>
   </div>
   <div class='ocr_carea' id='block_1_3' title="bbox 60 629 777 2891">
    <p class='ocr_par' dir='ltr' id='par_1_3' title="bbox 60 629 777 2640">
     <span class='ocr_line' id='line_1_5' title="bbox 64 629 718 714; baseline 0.006 -22"><span class='ocrx_word' id='word_1_21' title='bbox 64 632 153 704; x_wconf 85' lang='lat' dir='ltr'>uicen,</span> <span class='ocrx_word' id='word_1_22' title='bbox 171 630 302 714; x_wconf 86' lang='lat' dir='ltr'>Cyprum</span> <span class='ocrx_word' id='word_1_23' title='bbox 315 629 486 707; x_wconf 78' lang='lat' dir='ltr'>,Ciliciamz</span> <span class='ocrx_word' id='word_1_24' title='bbox 501 657 517 695; x_wconf 90' lang='lat' dir='ltr'>c</span> <span class='ocrx_word' id='word_1_25' title='bbox 538 657 569 697; x_wconf 90' lang='lat' dir='ltr'>m</span> <span class='ocrx_word' id='word_1_26' title='bbox 585 635 718 707; x_wconf 85' lang='lat' dir='ltr'>Boeotia,</span> 
     </span>
     <span class='ocr_line' id='line_1_6' title="bbox 63 709 722 788; baseline 0.011 -19"><span class='ocrx_word' id='word_1_27' title='bbox 63 709 220 784; x_wconf 83' lang='lat' dir='ltr'>Locridem,</span> <span class='ocrx_word' id='word_1_28' title='bbox 240 712 425 788; x_wconf 85' lang='lat' dir='ltr'><strong>Phocidem,</strong></span> <span class='ocrx_word' id='word_1_29' title='bbox 446 718 478 777; x_wconf 69' lang='grc' dir='ltr'>ὅ(</span> <span class='ocrx_word' id='word_1_30' title='bbox 500 714 640 777; x_wconf 72' lang='grc' dir='ltr'>ᾗηίτὶωσε</span> <span class='ocrx_word' id='word_1_31' title='bbox 651 716 722 776; x_wconf 77' lang='lat' dir='ltr'>sent-⁸</span> 
     </span>
     <span class='ocr_line' id='line_1_7' title="bbox 63 792 721 871; baseline 0.008 -19"><span class='ocrx_word' id='word_1_32' title='bbox 63 812 103 871; x_wconf 86' lang='lat' dir='ltr'>pet</span> <span class='ocrx_word' id='word_1_33' title='bbox 115 792 233 856; x_wconf 74' lang='lat' dir='ltr'>traiius:</span> <span class='ocrx_word' id='word_1_34' title='bbox 253 797 321 854; x_wconf 79' lang='lat' dir='ltr'>ciam</span> <span class='ocrx_word' id='word_1_35' title='bbox 340 794 445 858; x_wconf 86' lang='lat' dir='ltr'>Helles</span> <span class='ocrx_word' id='word_1_36' title='bbox 460 801 568 870; x_wconf 75' lang='lat' dir='ltr'>ontu&#39;s,</span> <span class='ocrx_word' id='word_1_37' title='bbox 588 794 721 858; x_wconf 88' lang='lat' dir='ltr'>Cherro-</span> 
     </span>
     <span class='ocr_line' id='line_1_8' title="bbox 63 819 777 958; baseline 0.004 -24"><span class='ocrx_word' id='word_1_38' title='bbox 63 871 200 947; x_wconf 68' lang='lat' dir='ltr'>nesum&amp;</span> <span class='ocrx_word' id='word_1_39' title='bbox 218 876 397 935; x_wconf 83' lang='lat' dir='ltr'>continentia</span> <span class='ocrx_word' id='word_1_40' title='bbox 417 819 506 958; x_wconf 55' lang='lat' dir='ltr'>ulline</span> <span class='ocrx_word' id='word_1_41' title='bbox 527 876 610 938; x_wconf 79' lang='lat' dir='ltr'>Atho</span> <span class='ocrx_word' id='word_1_42' title='bbox 629 897 721 937; x_wconf 73' lang='lat' dir='ltr'>mon·</span> <span class='ocrx_word' id='word_1_43' title='bbox 774 896 777 901; x_wconf 84' lang='grc'><strong><em>’</em></strong></span> 
     </span>
     <span class='ocr_line' id='line_1_9' title="bbox 62 954 731 1031; baseline 0.013 -21"><span class='ocrx_word' id='word_1_44' title='bbox 62 969 124 1015; x_wconf 85' lang='lat' dir='ltr'>tem:</span> <span class='ocrx_word' id='word_1_45' title='bbox 139 957 201 1016; x_wconf 81' lang='lat' dir='ltr'>clun</span> <span class='ocrx_word' id='word_1_46' title='bbox 219 954 328 1026; x_wconf 85' lang='lat' dir='ltr'>Ionia,</span> <span class='ocrx_word' id='word_1_47' title='bbox 344 956 612 1031; x_wconf 82' lang='lat' dir='ltr'>Asiam,&amp;insulas</span> <span class='ocrx_word' id='word_1_48' title='bbox 620 956 731 1019; x_wconf 72' lang='lat' dir='ltr'>Asiaea·</span> 
     </span>
     <span class='ocr_line' id='line_1_10' title="bbox 62 1034 733 1122; baseline 0.007 -30"><span class='ocrx_word' id='word_1_49' title='bbox 62 1035 114 1093; x_wconf 83' lang='lat' dir='ltr'>tim</span> <span class='ocrx_word' id='word_1_50' title='bbox 138 1034 370 1122; x_wconf 80' lang='lat' dir='ltr'>Peloponnesus,</span> <span class='ocrx_word' id='word_1_51' title='bbox 389 1037 531 1106; x_wconf 80' lang='lat' dir='ltr'>Achaiam</span> <span class='ocrx_word' id='word_1_52' title='bbox 545 1037 627 1099; x_wconf 87' lang='lat' dir='ltr'>&amp;ad</span> <span class='ocrx_word' id='word_1_53' title='bbox 644 1038 733 1100; x_wconf 57' lang='lat' dir='ltr'>laesa·</span> 
     </span>
     <span class='ocr_line' id='line_1_11' title="bbox 62 1113 722 1199; baseline 0.002 -21"><span class='ocrx_word' id='word_1_54' title='bbox 62 1134 146 1192; x_wconf 82' lang='lat' dir='ltr'>perum</span> <span class='ocrx_word' id='word_1_55' title='bbox 164 1115 294 1197; x_wconf 80' lang='lat' dir='ltr'>jacentes</span> <span class='ocrx_word' id='word_1_56' title='bbox 307 1133 404 1180; x_wconf 81' lang='lat' dir='ltr'>tetras.</span> <span class='ocrx_word' id='word_1_57' title='bbox 427 1113 555 1179; x_wconf 76' lang='lat' dir='ltr'>Chaldaei</span> <span class='ocrx_word' id='word_1_58' title='bbox 573 1116 722 1199; x_wconf 81' lang='lat' dir='ltr'>Assyriam</span> 
     </span>
     <span class='ocr_line' id='line_1_12' title="bbox 63 1194 722 1278; baseline 0.006 -24"><span class='ocrx_word' id='word_1_59' title='bbox 63 1194 281 1278; x_wconf 73' lang='lat' dir='ltr'>&amp;Babyloniam</span> <span class='ocrx_word' id='word_1_60' title='bbox 309 1197 553 1259; x_wconf 84' lang='lat' dir='ltr'>demonstrabunt.</span> <span class='ocrx_word' id='word_1_61' title='bbox 571 1197 722 1272; x_wconf 83' lang='lat' dir='ltr'>Africam,</span> 
     </span>
     <span class='ocr_line' id='line_1_13' title="bbox 62 1272 734 1357; baseline 0.009 -24"><span class='ocrx_word' id='word_1_62' title='bbox 62 1272 211 1357; x_wconf 84' lang='lat' dir='ltr'>Hispanias,</span> <span class='ocrx_word' id='word_1_63' title='bbox 232 1277 345 1344; x_wconf 87' lang='lat' dir='ltr'>Gallias¹</span> <span class='ocrx_word' id='word_1_64' title='bbox 361 1278 438 1339; x_wconf 87' lang='lat' dir='ltr'>sileri</span> <span class='ocrx_word' id='word_1_65' title='bbox 455 1295 520 1340; x_wconf 86' lang='lat' dir='ltr'>non.</span> <span class='ocrx_word' id='word_1_66' title='bbox 533 1280 586 1339; x_wconf 88' lang='lat' dir='ltr'>erit</span> <span class='ocrx_word' id='word_1_67' title='bbox 603 1282 734 1339; x_wconf 87' lang='lat' dir='ltr'>mitum.-</span> 
     </span>
     <span class='ocr_line' id='line_1_14' title="bbox 62 1351 721 1440; baseline 0 -22"><span class='ocrx_word' id='word_1_68' title='bbox 62 1351 142 1419; x_wconf 81' lang='lat' dir='ltr'>Nemo</span> <span class='ocrx_word' id='word_1_69' title='bbox 161 1363 236 1421; x_wconf 87' lang='lat' dir='ltr'>enim</span> <span class='ocrx_word' id='word_1_70' title='bbox 253 1357 422 1421; x_wconf 79' lang='lat' dir='ltr'>observavit</span> <span class='ocrx_word' id='word_1_71' title='bbox 445 1363 473 1419; x_wconf 92' lang='lat' dir='ltr'>in</span> <span class='ocrx_word' id='word_1_72' title='bbox 491 1361 548 1433; x_wconf 86' lang='lat' dir='ltr'>iis,</span> <span class='ocrx_word' id='word_1_73' title='bbox 569 1361 619 1440; x_wconf 93' lang='lat' dir='ltr'>qui</span> <span class='ocrx_word' id='word_1_74' title='bbox 641 1360 721 1419; x_wconf 84' lang='lat' dir='ltr'>side-</span> 
     </span>
     <span class='ocr_line' id='line_1_15' title="bbox 62 1438 721 1520; baseline -0.002 -20"><span class='ocrx_word' id='word_1_75' title='bbox 62 1454 112 1499; x_wconf 77' lang='lat' dir='ltr'>rum</span> <span class='ocrx_word' id='word_1_76' title='bbox 138 1442 272 1520; x_wconf 87' lang='lat' dir='ltr'>proderet</span> <span class='ocrx_word' id='word_1_77' title='bbox 292 1458 419 1501; x_wconf 87' lang='lat' dir='ltr'>exortus.</span> <span class='ocrx_word' id='word_1_78' title='bbox 437 1438 506 1501; x_wconf 92' lang='lat' dir='ltr'>Non</span> <span class='ocrx_word' id='word_1_79' title='bbox 525 1458 621 1500; x_wconf 87' lang='lat' dir='ltr'>tamen</span> <span class='ocrx_word' id='word_1_80' title='bbox 642 1438 721 1507; x_wconf 78' lang='lat' dir='ltr'>disii-¹</span> 
     </span>
     <span class='ocr_line' id='line_1_16' title="bbox 62 1518 720 1602; baseline 0.011 -29"><span class='ocrx_word' id='word_1_81' title='bbox 62 1518 99 1580; x_wconf 88' lang='lat' dir='ltr'>cili</span> <span class='ocrx_word' id='word_1_82' title='bbox 115 1523 218 1583; x_wconf 87' lang='lat' dir='ltr'>ratione</span> <span class='ocrx_word' id='word_1_83' title='bbox 248 1520 450 1602; x_wconf 86' lang='lat' dir='ltr'>dignoscentur</span> <span class='ocrx_word' id='word_1_84' title='bbox 469 1524 500 1580; x_wconf 93' lang='lat' dir='ltr'>in</span> <span class='ocrx_word' id='word_1_85' title='bbox 520 1520 575 1580; x_wconf 83' lang='lat' dir='ltr'>illis</span> <span class='ocrx_word' id='word_1_86' title='bbox 587 1541 720 1602; x_wconf 62' lang='lat' dir='ltr'>quoque</span> 
     </span>
     <span class='ocr_line' id='line_1_17' title="bbox 60 1601 720 1685; baseline 0.009 -31"><span class='ocrx_word' id='word_1_87' title='bbox 60 1602 126 1659; x_wconf 85' lang='lat' dir='ltr'>tetris</span> <span class='ocrx_word' id='word_1_88' title='bbox 141 1601 298 1685; x_wconf 86' lang='lat' dir='ltr'>digestione</span> <span class='ocrx_word' id='word_1_89' title='bbox 318 1602 503 1672; x_wconf 84' lang='lat' dir='ltr'>circulorum,</span> <span class='ocrx_word' id='word_1_90' title='bbox 520 1622 605 1682; x_wconf 89' lang='lat' dir='ltr'>quam</span> <span class='ocrx_word' id='word_1_91' title='bbox 618 1605 647 1661; x_wconf 92' lang='lat' dir='ltr'>in</span> <span class='ocrx_word' id='word_1_92' title='bbox 655 1601 720 1661; x_wconf 81' lang='lat' dir='ltr'>sex·</span> 
     </span>
     <span class='ocr_line' id='line_1_18' title="bbox 60 1683 720 1764; baseline 0.006 -27"><span class='ocrx_word' id='word_1_93' title='bbox 60 1694 85 1737; x_wconf 88' lang='lat' dir='ltr'>to</span> <span class='ocrx_word' id='word_1_94' title='bbox 104 1684 247 1745; x_wconf 89' lang='lat' dir='ltr'>volumine</span> <span class='ocrx_word' id='word_1_95' title='bbox 273 1683 414 1744; x_wconf 86' lang='lat' dir='ltr'>fecimus:</span> <span class='ocrx_word' id='word_1_96' title='bbox 433 1684 491 1764; x_wconf 69' lang='lat' dir='ltr'>qui</span> <span class='ocrx_word' id='word_1_97' title='bbox 509 1684 644 1764; x_wconf 80' lang='lat' dir='ltr'>cognatio</span> <span class='ocrx_word' id='word_1_98' title='bbox 660 1703 720 1742; x_wconf 86' lang='lat' dir='ltr'>cae-</span> 
     </span>
     <span class='ocr_line' id='line_1_19' title="bbox 61 1757 720 1848; baseline 0.012 -31"><span class='ocrx_word' id='word_1_99' title='bbox 61 1757 88 1831; x_wconf 91' lang='lat' dir='ltr'>li,</span> <span class='ocrx_word' id='word_1_100' title='bbox 95 1781 148 1824; x_wconf 92' lang='lat' dir='ltr'>non</span> <span class='ocrx_word' id='word_1_101' title='bbox 158 1768 287 1848; x_wconf 81' lang='lat' dir='ltr'>gentium</span> <span class='ocrx_word' id='word_1_102' title='bbox 296 1766 400 1836; x_wconf 72' lang='lat' dir='ltr'>modia,</span> <span class='ocrx_word' id='word_1_103' title='bbox 410 1767 514 1826; x_wconf 77' lang='lat' dir='ltr'>veriam</span> <span class='ocrx_word' id='word_1_104' title='bbox 522 1765 636 1825; x_wconf 83' lang='lat' dir='ltr'>urbium</span> <span class='ocrx_word' id='word_1_105' title='bbox 647 1783 720 1846; x_wconf 87' lang='lat' dir='ltr'>quo·</span> 
     </span>
     <span class='ocr_line' id='line_1_20' title="bbox 62 1847 744 1927; baseline 0.004 -24"><span class='ocrx_word' id='word_1_106' title='bbox 62 1860 105 1921; x_wconf 82' lang='lat' dir='ltr'>que</span> <span class='ocrx_word' id='word_1_107' title='bbox 125 1847 297 1927; x_wconf 81' lang='lat' dir='ltr'>singularum</span> <span class='ocrx_word' id='word_1_108' title='bbox 322 1847 509 1927; x_wconf 84' lang='lat' dir='ltr'>intelligitur,</span> <span class='ocrx_word' id='word_1_109' title='bbox 533 1863 602 1906; x_wconf 86' lang='lat' dir='ltr'>nota</span> <span class='ocrx_word' id='word_1_110' title='bbox 619 1866 656 1907; x_wconf 82' lang='lat' dir='ltr'>ex</span> <span class='ocrx_word' id='word_1_111' title='bbox 673 1847 718 1906; x_wconf 85' lang='lat' dir='ltr'>his</span> <span class='ocrx_word' id='word_1_112' title='bbox 740 1887 744 1895; x_wconf 47' lang='grc' dir='ltr'><strong><em>ι</em></strong></span> 
     </span>
     <span class='ocr_line' id='line_1_21' title="bbox 61 1925 720 2006; baseline 0.006 -26"><span class='ocrx_word' id='word_1_113' title='bbox 61 1925 146 1997; x_wconf 83' lang='lat' dir='ltr'>tertis,</span> <span class='ocrx_word' id='word_1_114' title='bbox 163 1947 233 2005; x_wconf 88' lang='lat' dir='ltr'>quas</span> <span class='ocrx_word' id='word_1_115' title='bbox 258 1928 490 1995; x_wconf 81' lang='lat' dir='ltr'>nominavimus,</span> <span class='ocrx_word' id='word_1_116' title='bbox 516 1925 629 2006; x_wconf 69' lang='lat' dir='ltr'>sumpti</span> <span class='ocrx_word' id='word_1_117' title='bbox 648 1948 720 1986; x_wconf 83' lang='lat' dir='ltr'>con·</span> 
     </span>
     <span class='ocr_line' id='line_1_22' title="bbox 61 2004 719 2085; baseline 0.009 -26"><span class='ocrx_word' id='word_1_118' title='bbox 61 2006 173 2065; x_wconf 81' lang='lat' dir='ltr'>veritate</span> <span class='ocrx_word' id='word_1_119' title='bbox 192 2004 290 2063; x_wconf 86' lang='lat' dir='ltr'>circuli</span> <span class='ocrx_word' id='word_1_120' title='bbox 308 2007 476 2081; x_wconf 88' lang='lat' dir='ltr'>pertinentis</span> <span class='ocrx_word' id='word_1_121' title='bbox 498 2005 534 2062; x_wconf 90' lang='lat' dir='ltr'>ad</span> <span class='ocrx_word' id='word_1_122' title='bbox 557 2026 626 2084; x_wconf 89' lang='lat' dir='ltr'>quas</span> <span class='ocrx_word' id='word_1_123' title='bbox 642 2004 719 2085; x_wconf 87' lang='lat' dir='ltr'>quis·</span> 
     </span>
     <span class='ocr_line' id='line_1_23' title="bbox 62 2084 719 2168; baseline -0.003 -22"><span class='ocrx_word' id='word_1_124' title='bbox 62 2102 105 2163; x_wconf 83' lang='lat' dir='ltr'>que</span> <span class='ocrx_word' id='word_1_125' title='bbox 124 2100 237 2168; x_wconf 77' lang='lat' dir='ltr'>quaeret</span> <span class='ocrx_word' id='word_1_126' title='bbox 261 2101 367 2152; x_wconf 87' lang='lat' dir='ltr'>terras,</span> <span class='ocrx_word' id='word_1_127' title='bbox 381 2085 413 2144; x_wconf 76' lang='grc' dir='ltr'>δι</span> <span class='ocrx_word' id='word_1_128' title='bbox 429 2085 465 2142; x_wconf 92' lang='lat' dir='ltr'>ad</span> <span class='ocrx_word' id='word_1_129' title='bbox 479 2104 577 2143; x_wconf 85' lang='lat' dir='ltr'>earum</span> <span class='ocrx_word' id='word_1_130' title='bbox 592 2084 719 2144; x_wconf 80' lang='lat' dir='ltr'>siderum</span> 
     </span>
     <span class='ocr_line' id='line_1_24' title="bbox 62 2164 720 2243; baseline 0 -21"><span class='ocrx_word' id='word_1_131' title='bbox 62 2182 184 2239; x_wconf 82' lang='lat' dir='ltr'>exortus,</span> <span class='ocrx_word' id='word_1_132' title='bbox 232 2184 263 2223; x_wconf 91' lang='lat' dir='ltr'>er</span> <span class='ocrx_word' id='word_1_133' title='bbox 287 2165 421 2225; x_wconf 73' lang='lat' dir='ltr'>omnium</span> <span class='ocrx_word' id='word_1_134' title='bbox 448 2164 619 2222; x_wconf 90' lang='lat' dir='ltr'>circulorum</span> <span class='ocrx_word' id='word_1_135' title='bbox 637 2185 720 2243; x_wconf 75' lang='lat' dir='ltr'>patet</span> 
     </span>
     <span class='ocr_line' id='line_1_25' title="bbox 60 2186 721 2323; baseline -0.005 -18"><span class='ocrx_word' id='word_1_136' title='bbox 60 2247 180 2308; x_wconf 77' lang='lat' dir='ltr'>unbtas.-</span> <span class='ocrx_word' id='word_1_137' title='bbox 198 2186 386 2306; x_wconf 57' lang='lat' dir='ltr'>lddic&#39;andum</span> <span class='ocrx_word' id='word_1_138' title='bbox 403 2245 435 2304; x_wconf 75' lang='grc' dir='ltr'>ὃ(</span> <span class='ocrx_word' id='word_1_139' title='bbox 447 2243 542 2314; x_wconf 87' lang='lat' dir='ltr'>illud,</span> <span class='ocrx_word' id='word_1_140' title='bbox 568 2242 721 2323; x_wconf 87' lang='lat' dir='ltr'>tempesta·</span> 
     </span>
     <span class='ocr_line' id='line_1_26' title="bbox 60 2322 723 2407; baseline -0.008 -20"><span class='ocrx_word' id='word_1_141' title='bbox 60 2338 95 2382; x_wconf 83' lang='lat' dir='ltr'>tes</span> <span class='ocrx_word' id='word_1_142' title='bbox 104 2327 174 2407; x_wconf 85' lang='lat' dir='ltr'>ipsas</span> <span class='ocrx_word' id='word_1_143' title='bbox 185 2326 303 2389; x_wconf 77' lang='lat' dir='ltr'>ardores</span> <span class='ocrx_word' id='word_1_144' title='bbox 313 2323 379 2384; x_wconf 87' lang='lat' dir='ltr'>suos</span> <span class='ocrx_word' id='word_1_145' title='bbox 392 2323 499 2383; x_wconf 84' lang='lat' dir='ltr'>habete</span> <span class='ocrx_word' id='word_1_146' title='bbox 512 2322 656 2402; x_wconf 83' lang='lat' dir='ltr'>quadrinis</span> <span class='ocrx_word' id='word_1_147' title='bbox 670 2345 723 2382; x_wconf 90' lang='lat' dir='ltr'>an-</span> 
     </span>
     <span class='ocr_line' id='line_1_27' title="bbox 61 2400 720 2486; baseline -0.008 -21"><span class='ocrx_word' id='word_1_148' title='bbox 61 2405 115 2468; x_wconf 78' lang='lat' dir='ltr'>nis:</span> <span class='ocrx_word' id='word_1_149' title='bbox 133 2409 165 2473; x_wconf 82' lang='lat' dir='ltr'>dc</span> <span class='ocrx_word' id='word_1_150' title='bbox 184 2405 301 2468; x_wconf 87' lang='lat' dir='ltr'>easdem</span> <span class='ocrx_word' id='word_1_151' title='bbox 320 2426 380 2466; x_wconf 89' lang='lat' dir='ltr'>non</span> <span class='ocrx_word' id='word_1_152' title='bbox 391 2405 497 2486; x_wconf 73' lang='lat' dir='ltr'>magnit</span> <span class='ocrx_word' id='word_1_153' title='bbox 505 2400 720 2462; x_wconf 74' lang='lat' dir='ltr'>differentian-</span> 
     </span>
     <span class='ocr_line' id='line_1_28' title="bbox 61 2484 723 2563; baseline 0 -22"><span class='ocrx_word' id='word_1_154' title='bbox 61 2488 124 2546; x_wconf 89' lang='lat' dir='ltr'>vetti</span> <span class='ocrx_word' id='word_1_155' title='bbox 141 2490 250 2549; x_wconf 85' lang='lat' dir='ltr'>ratione</span> <span class='ocrx_word' id='word_1_156' title='bbox 264 2486 345 2549; x_wconf 41' lang='lat' dir='ltr'>&#39;Solis</span> <span class='ocrx_word' id='word_1_157' title='bbox 365 2484 506 2545; x_wconf 73' lang='lat' dir='ltr'>:odionis</span> <span class='ocrx_word' id='word_1_158' title='bbox 527 2484 600 2545; x_wconf 77' lang='lat' dir='ltr'>veti&gt;</span> <span class='ocrx_word' id='word_1_159' title='bbox 625 2485 723 2563; x_wconf 86' lang='lat' dir='ltr'>augeri</span> 
     </span>
     <span class='ocr_line' id='line_1_29' title="bbox 62 2562 724 2640; baseline -0.005 -14"><span class='ocrx_word' id='word_1_160' title='bbox 62 2564 184 2640; x_wconf 76' lang='lat' dir='ltr'>easdem,</span> <span class='ocrx_word' id='word_1_161' title='bbox 204 2568 363 2631; x_wconf 70' lang='lat' dir='ltr'>centesimi</span> <span class='ocrx_word' id='word_1_162' title='bbox 384 2566 555 2627; x_wconf 85' lang='lat' dir='ltr'>revolvente</span> <span class='ocrx_word' id='word_1_163' title='bbox 579 2563 607 2624; x_wconf 89' lang='lat' dir='ltr'>se</span> <span class='ocrx_word' id='word_1_164' title='bbox 620 2562 724 2623; x_wconf 57' lang='lat' dir='ltr'>&#39;Lutra</span> 
     </span>
    </p>

    <p class='ocr_par' dir='ltr' id='par_1_4' title="bbox 62 2641 733 2891">
     <span class='ocr_line' id='line_1_30' title="bbox 92 2641 724 2711; baseline -0.009 -4"><span class='ocrx_word' id='word_1_165' title='bbox 92 2644 196 2711; x_wconf 81' lang='lat' dir='ltr'><strong>LVIII.</strong></span> <span class='ocrx_word' id='word_1_166' title='bbox 213 2649 318 2711; x_wconf 90' lang='lat' dir='ltr'>Omnis</span> <span class='ocrx_word' id='word_1_167' title='bbox 331 2665 428 2709; x_wconf 88' lang='lat' dir='ltr'>autem</span> <span class='ocrx_word' id='word_1_168' title='bbox 438 2648 511 2707; x_wconf 88' lang='lat' dir='ltr'>ratio</span> <span class='ocrx_word' id='word_1_169' title='bbox 523 2643 673 2707; x_wconf 83' lang='lat' dir='ltr'>observata</span> <span class='ocrx_word' id='word_1_170' title='bbox 681 2641 724 2702; x_wconf 87' lang='lat' dir='ltr'>est</span> 
     </span>
     <span class='ocr_line' id='line_1_31' title="bbox 62 2723 723 2804; baseline -0.002 -22"><span class='ocrx_word' id='word_1_171' title='bbox 62 2725 140 2791; x_wconf 79' lang='lat' dir='ltr'>tribui</span> <span class='ocrx_word' id='word_1_172' title='bbox 148 2730 259 2792; x_wconf 83' lang='lat' dir='ltr'>modis:</span> <span class='ocrx_word' id='word_1_173' title='bbox 270 2738 372 2791; x_wconf 77' lang='lat' dir='ltr'>‘exortu</span> <span class='ocrx_word' id='word_1_174' title='bbox 383 2729 527 2798; x_wconf 77' lang='lat' dir='ltr'>siderum,</span> <span class='ocrx_word' id='word_1_175' title='bbox 542 2723 723 2804; x_wconf 80' lang='lat' dir='ltr'>occasuque,</span> 
     </span>
     <span class='ocr_line' id='line_1_32' title="bbox 62 2803 733 2891; baseline -0.009 -21"><span class='ocrx_word' id='word_1_176' title='bbox 62 2803 228 2888; x_wconf 73' lang='lat' dir='ltr'>&amp;ipsorum</span> <span class='ocrx_word' id='word_1_177' title='bbox 248 2828 413 2891; x_wconf 87' lang='lat' dir='ltr'>tempotum</span> <span class='ocrx_word' id='word_1_178' title='bbox 435 2806 618 2871; x_wconf 70' lang='lat' dir='ltr'>cardinibus..</span> <span class='ocrx_word' id='word_1_179' title='bbox 630 2803 733 2886; x_wconf 56' lang='lat' dir='ltr'>Biora.</span> 
     </span>
    </p>
   </div>
   <div class='ocr_carea' id='block_1_4' title="bbox 0 0 992 3575">
    <p class='ocr_par' dir='ltr' id='par_1_5' title="bbox 0 0 992 3575">
     <span class='ocr_line' id='line_1_33' title="bbox 0 0 992 3575; baseline 0 0"><span class='ocrx_word' id='word_1_180' title='bbox 0 0 992 3575; x_wconf 95' lang='lat' dir='ltr'> </span> 
     </span>
    </p>
   </div>
  </div>
 </body>
</html>
