1975 3575
99 285 147 309 ”
233 292 641 369 Hrsron.Lib.XH.
717 317 765 388 4¹

72 413 215 512 circaque
234 411 404 509 Erymanthi
415 412 581 510 fontesp&
600 419 630 475 in
647 413 767 513 ᾼΈῐὶςῆῥ

76 493 766 715 {rssssuddfffliiimiidqiissiii533¹}

91 657 154 717 enis
173 659 204 716 in
221 655 299 716 terri
314 654 417 737 jacenr'
440 678 494 729 us,
511 658 608 739 ampli
622 678 669 719 ma
707 661 763 720 ‘tu-
851 689 854 695 ·

75 736 147 797 dine
169 736 320 810 rotundis,
335 737 365 797 in
393 740 544 799 cacumine
564 740 639 799 verb
656 743 765 821 oeagi·

75 820 165 890 meis,
189 815 299 878 semine
316 820 345 877 in
364 816 508 879 muscariis
519 820 556 880 de
579 819 721 896 cudente,
733 836 766 881 ur

74 896 188 958 ferula.
207 896 355 980 Excipitur
371 896 470 959 succus
488 902 546 960 inci
558 899 672 961 o'caule
689 919 765 961 mes·

73 978 178 1050 cibus,
194 978 290 1039 radice
312 979 344 1038 in
363 997 503 1040 autumno
520 1001 528 1041 z
547 979 678 1040 laudatur
693 1001 764 1041 can·

52 1058 135 1118 ·dor
156 1055 219 1138 ejus
236 1059 337 1120 coaffi.
356 1056 486 1141 Sequens
515 1059 624 1139 pallido
652 1058 764 1123 statera.

70 1137 173 1278 -Nipset
190 1139 272 1200 color
288 1140 477 1221 improbatur.
498 1139 626 1202 Pretium
646 1143 761 1222 optimo

74 1221 107 1279 in
138 1218 214 1279 'bras
233 1237 267 1280 x.
287 1219 357 1282 bini.

71 1353 75 1364 .
118 1298 226 1362 uvlu.
246 1299 295 1361 Ab
316 1301 370 1361 hac
391 1298 484 1362 ferula
501 1299 612 1375 differt,
627 1321 691 1383 quae
703 1313 761 1364 voi

74 1397 160 1443 catur
179 1380 371 1462 spondylion,
381 1379 457 1442 foliis
468 1385 597 1455 tantum,
610 1384 677 1462 quia
692 1380 757 1443 sunt

75 1464 209 1537 minora,
226 1462 332 1541 platani
347 1460 481 1522 divisuri.
498 1460 569 1522 Non
586 1464 639 1522 nisi
649 1466 680 1522 in
690 1483 761 1543 opa-

70 1544 117 1603 cis
142 1544 273 1625 gignitur.
295 1539 402 1604 Semen
420 1541 528 1602 eodem
548 1544 668 1604 nomine
701 1542 761 1604 silis

73 1623 203 1706 speciem
225 1621 328 1696 habet,
339 1623 490 1683 medicinae
507 1626 620 1684 ramum
639 1622 720 1694 utile.

116 1701 194 1764 LIX.
213 1701 275 1763 Dat
294 1704 327 1765 &
344 1702 545 1764 malobathron
556 1700 660 1785 Syria,
674 1703 758 1765 arbo·

74 1793 141 1849 rem
163 1783 239 1847 folio
265 1786 455 1857 convoluto,
476 1784 559 1846 arido
579 1784 698 1847 colore:
721 1806 760 1847 ex

72 1886 136 1947 quo
163 1867 331 1949 exprimitur
350 1867 447 1928 oleum
466 1865 503 1926 ad
521 1887 560 1929 un
580 1884 684 1927 uentae
700 1864 759 1929 fer·

75 1949 174 2009 riliore
192 1944 322 2027 ejusdem
334 1947 477 2030 AEgypto.
493 1885 647 2009 Laudatus
659 1962 757 2009 tamen

76 2048 115 2089 ex
132 2027 218 2089 India
236 2030 324 2090 venit.
346 2027 380 2089 In
400 2026 551 2110 paludibus
567 2029 607 2088 ibi
619 2030 696 2111 gigni
705 2047 758 2089 tra·

74 2108 151 2169 dunt
168 2109 251 2170 lentis
270 2108 380 2179 modo,
396 2108 544 2170 odoratius
552 2129 655 2183 croco,
668 2112 697 2168 ni
732 2110 758 2160 ⁰·

75 2210 167 2262 cans,
193 2188 401 2270 scabrumque,
423 2189 552 2270 quodam
575 2188 638 2251 saiis
662 2128 760 2272 guffi.
792 2208 795 2211 ·

74 2268 177 2335 Minus
195 2269 335 2354 probatur
354 2269 518 2331 candidum.
541 2266 701 2331 Celerrimi
719 2272 759 2331 si·

75 2366 138 2413 tum
158 2353 189 2411 in
207 2349 350 2413 vetustate
369 2347 462 2410 sentit.
478 2346 571 2429 Sapor
587 2346 649 2425 eius
665 2350 758 2412 nardo

73 2431 175 2493 similis
195 2430 250 2493 effe
276 2431 365 2492 debet
381 2429 432 2491 sub
454 2427 670 2511 lingui-Odor
686 2431 758 2493 verb

74 2510 104 2573 in
127 2514 199 2573 vino
222 2509 413 2573 suffervefaiii
443 2509 589 2572 antecedit
615 2509 700 2570 alios.
722 2508 756 2572 ln

70 2595 169 2675 pretio
225 2593 305 2653 idem
326 2593 459 2674 prodigio
477 2590 569 2652 simile
580 2588 756 2652 estamin-

73 2673 146 2756 gulis
168 2695 185 2733 a
222 2690 255 2733 x.
277 2690 349 2734 ccc.
385 2673 516 2734 cnvenire
537 2672 639 2734 libras:
656 2670 755 2736 oleum

71 2771 171 2816 autem
191 2751 284 2837 ipsum
303 2755 333 2812 in
350 2694 565 2827 ldiras,x.1.x.

111 2833 177 2899 LX.
200 2856 249 2917 27.
268 2832 378 2898 Oleum
393 2834 425 2900 &
441 2832 626 2917 omphacium
638 2829 687 2898 est.
708 2831 756 2901 Fit
