1975 3575
168 264 376 335 miron.
401 264 471 336 m.
497 241 627 338 atvar.
680 268 749 362 369

84 402 161 445 mma
180 384 415 444 medicaminibus
433 382 678 452 adnumerandum
691 407 748 468 po·

84 464 233 546 nimquam
241 463 380 546 frugibus.
392 461 528 541 Ejusdem
534 466 762 528 naturae&hor·-

85 548 180 604 minum
190 567 227 619 ‚a
242 543 356 606 Graecis
376 542 500 617 dissum,
516 542 566 605 sed
585 550 697 608 cumino
709 550 747 608 si·

84 624 158 696 mile,
177 623 274 687 seritur
292 645 362 685 cum
378 623 507 687 sesami:
527 624 601 698 hac,
621 627 653 688 &
675 630 746 691 irio-

85 724 131 776 ne,
152 706 256 765 nullum
275 705 381 765 animal
397 704 524 767 vescitur
537 706 705 768 virentibus.

116 784 217 846 XXIII.
225 784 333 847 Pistura
341 807 401 847 non
411 788 543 846 omnium
552 786 657 847 facilis:
668 788 717 868 qui
745 804 748 808 ·

85 883 116 944 pe
126 863 228 926 Etrurii
249 864 359 948 spicam
375 865 456 926 fartis
479 865 545 929 tosti
557 867 668 950 pisente
685 808 749 948 piso

84 945 248 1025 praeferrato,
271 946 370 1008 fistula
388 946 511 1021 serrati,
525 949 557 1010 &
575 947 655 1009 stella
674 951 751 1007 intua

84 1024 253 1104 denticulata,
268 1047 302 1090 ut
324 1030 377 1088 nisi
397 1029 498 1087 intenti
525 1026 635 1109 pisant,
651 1030 753 1088 eonci-

84 1105 168 1166 dantur
187 1129 286 1191 grana,
313 1105 478 1190 ferrumque
506 1105 659 1192 frangatur.
682 1107 765 1168 Ma·-

84 1183 121 1266 jor
143 1210 201 1269 pars
226 1189 323 1251 ltalia
353 1187 437 1250 tuido
468 1190 557 1249 utitur
583 1190 665 1272 pilo:
681 1192 753 1251 rotis

86 1270 158 1328 etiam
175 1291 242 1352 quas
261 1290 342 1355 aqua
359 1268 457 1332 verset
475 1268 571 1330 obiret
583 1314 593 1343 ,
606 1271 639 1331 &
651 1269 754 1334 molat.
813 1332 816 1337 ⁴

86 1342 126 1407 De
140 1350 197 1430 ipsa
213 1356 331 1414 ratione
355 1348 466 1446 pisendi
487 1347 626 1432 Magonis
641 1371 752 1433 propo·

87 1444 156 1488 netur
165 1429 303 1494 sententia
312 1454 319 1493 :
327 1432 453 1494 triticum
459 1431 524 1490 ante
534 1429 667 1513 perfundi
678 1432 753 1514 aqui

88 1510 164 1570 multi
179 1510 276 1593 jubet,
297 1509 400 1594 postea
425 1511 530 1583 evalli,
556 1511 661 1573 deinde
682 1510 753 1573 Sole

89 1590 208 1653 siccatum
217 1595 278 1676 pilo
287 1594 391 1674 repeti.
399 1591 491 1654 Simili
502 1588 754 1656 modohotdeum.

88 1666 167 1750 Hujus
184 1671 323 1737 sextarios
341 1690 397 1735 xx.
415 1671 507 1756 spargi
528 1673 642 1736 duobus
661 1673 753 1736 sexta·

89 1751 156 1814 riisa
195 1777 231 1839 ae.v
252 1756 376 1818 Lentem
394 1771 506 1818 torrere
527 1757 627 1839 paiste,
645 1754 753 1819 deinde

90 1851 144 1893 mm
157 1775 315 1898 (lenioribus
336 1840 439 1898 leviter
455 1839 522 1919 pisi.
538 1837 601 1899 Aut
611 1838 711 1900 addito
722 1842 753 1900 in

88 1909 211 1977 sextarios
230 1934 288 1979 xx.
306 1919 401 1977 lateris
421 1918 503 1977 crudi
521 1915 626 1989 frusto,
645 1921 677 1982 &
693 1939 771 1981 are-1

86 2012 120 2053 ηε
137 1995 282 2057 semodio.
297 1995 436 2055 Erviliam
450 1995 553 2057 iisdem
570 1998 757 2081 modis,qui-

85 2071 128 2135 bus
146 2075 278 2168 lentem:
296 2073 428 2135 sesamam
453 2076 482 2135 in
509 2076 600 2136 calidi
626 2099 755 2140 macera·

84 2154 758 2333 isaiifffli'piissdiiiii'iiffit’ei‘usqi'i

88 2314 774 2493 attaaaa?taratantarat

90 2494 157 2538 cere.
175 2478 212 2539 Et
227 2477 287 2561 apsa
305 2494 420 2550 autem,
436 2497 500 2559 quae
520 2476 695 2551 evelluntur,
708 2499 778 2541 va·-

91 2556 154 2617 riam
163 2557 481 2640 pisturarumrationem
490 2558 605 2619 habent.
615 2555 696 2618 Acus
709 2579 762 2620 vo·

91 2654 184 2711 catur,
205 2643 342 2724 cirm’pet
358 2638 388 2700 se
428 2642 511 2701 isitur
535 2638 629 2720 spica,
648 2640 762 2700 tamiam

93 2717 234 2782 aurificum
253 2722 290 2783 ad
309 2720 384 2784 usus.
402 2661 521 2795 §ivero
539 2723 568 2780 in
579 2719 646 2781 area
662 2721 778 2782 teritur*

91 2815 156 2868 sum
169 2800 271 2886 stipula
279 2848 290 2881 ,
305 2802 405 2887 pelea,
419 2818 452 2864 ut
462 2800 573 2886 majore
582 2803 612 2860 in
621 2818 760 2865 terrarum

469 2878 644 2990 ..ον
