1975 3575
259 173 466 244 Hrsron.
492 174 674 247 Lib.XVI.
730 202 796 276 179

115 315 152 356 ea
178 294 264 377 magis
287 295 396 374 plicuit
424 314 461 354 ex
489 293 585 357 esculo
608 295 676 358 Jovi
703 296 791 362 sacra.

112 374 319 457 Variatumque
340 375 374 436 &
394 395 462 434 cum
483 396 590 458 quercu
607 376 667 452 est,
687 399 722 439 ec
746 380 796 443 da·

112 474 144 518 ta
161 457 285 538 ubique,
306 475 373 596 ³11ae
390 454 504 528 fuerat,
522 455 664 520 custodito
675 462 789 522 tantum

114 538 225 599 honore
243 538 309 620 glan
331 538 364 596 is.
392 535 511 598 Addita
531 538 611 620 leges
628 538 736 613 croire,
756 542 791 606 &

113 619 183 680 ideo
191 615 473 700 superbae,quasque
484 616 618 680 conferre
628 619 715 681 libeat
723 643 791 684 eum

113 699 162 760 illi
176 697 353 760 Graecomm
366 696 492 769 summi,
513 719 579 781 quae
596 697 648 760 sub
665 699 726 784 ipso
743 701 789 765 Jo-

113 780 268 852 vedetur,
287 780 391 860 cuique
419 799 517 840 muros
566 781 637 841 atria
663 782 790 865 gaudens

113 864 230 942 rumpit.
245 881 266 915 u
275 855 384 921 Civem
399 857 512 939 servare
522 904 533 931 ,
545 802 663 922 {ostem
675 864 795 925 occide·

113 966 131 1000 „
142 961 191 1002 re:
206 958 295 1024 utque
305 960 374 1002 eum
383 940 500 1014 locum,
516 942 546 1001 in
559 961 618 1023 quo
631 944 667 1003 sit
678 942 790 1021 atium,

113 1046 132 1081 n
147 1019 235 1083 hostis
254 1021 386 1082 obtineat
404 1041 442 1082 eo
462 1022 527 1093 die,
546 1039 578 1083 ut
599 1020 726 1085 servatur
742 1023 792 1086 fa·

77 1142 79 1147 ·
114 1119 256 1165 utentur:
275 1103 343 1164 aliis
361 1101 448 1164 testes
462 1102 503 1163 nil
519 1100 645 1184 prosunt.
665 1104 790 1170 Utcivit

113 1208 132 1244 n
145 1183 247 1246 fuerit:
265 1183 388 1255 auxilia,
407 1185 539 1266 quamvis
562 1204 630 1267 rege
651 1182 789 1264 seruato,

115 1266 235 1327 »decus
254 1264 285 1324 id
303 1285 363 1325 non
380 1264 458 1324 dant.
482 1263 548 1324 Nec
569 1263 669 1326 crescit
693 1266 789 1330 honor

113 1369 131 1403 n
144 1347 223 1408 idern
243 1347 421 1426 imperatore
446 1343 616 1407 conservato
627 1367 636 1407 t
646 1349 790 1485 ¹quonium

112 1428 311 1489 »conditores
328 1427 359 1486 in
409 1446 555 1509 ocumque
572 1426 637 1488 cive
659 1447 791 1490 ummum

115 1530 133 1566 u
148 1507 202 1570 esse
218 1506 350 1568 voluere.
370 1446 454 1569 xlcce
476 1507 505 1567 ti
531 1506 597 1568 licet
621 1510 672 1587 uti
684 1529 791 1592 perpe·

113 1610 131 1645 n
144 1592 204 1652 tuo.
213 1588 314 1650 Ludos
325 1589 435 1648 ineunti
455 1607 555 1668 emper
563 1586 692 1670 adsurgi,
703 1592 790 1653 etiam

114 1691 132 1726 n
144 1671 179 1732 ab
195 1669 314 1739 senatu,
331 1669 361 1729 in
378 1689 462 1729 more
484 1667 538 1730 est.
556 1666 682 1731 Sedendi
692 1666 738 1750 jus
758 1675 789 1734 in
841 1709 844 1715 ι

112 1754 275 1833 »proximo
292 1747 409 1813 senatui.
424 1748 549 1812 Vacttio
559 1770 711 1813 munerum
721 1773 790 1816 om·

113 1853 131 1887 n
146 1837 227 1894 nium
243 1835 252 1893 i
274 1832 318 1907 si,
332 1834 481 1916 patrique,
504 1833 537 1895 δι
553 1853 611 1894 avo
628 1850 750 1914 patemo
758 1854 789 1899 nt

113 1854 341 1993 Quatuorrfecim
357 1934 408 1974 eas
424 1916 535 1994 accepit
555 1912 664 1975 Siccius
679 1912 790 1978 Denta*

112 2008 172 2070 tur,
192 2015 224 2056 ut
240 1994 391 2057 retulimus
414 1990 465 2056 suo
487 1995 556 2056 loco
574 1993 645 2055 :sex
667 1992 789 2080 Capito&

113 2071 193 2137 inus.
214 2075 242 2136 Is
252 2075 370 2158 quidem
380 2076 413 2136 &
427 2075 464 2135 de
477 2072 690 2138 duceServilio.
711 2077 789 2139 Afri*-

113 2175 196 2218 tanus
214 2156 252 2217 de
270 2173 351 2238 petre
377 2159 509 2235 accipere
524 2156 616 2217 noluit
630 2157 791 2237 apud'rre

113 2235 196 2300 biam.
216 2235 249 2299 O
265 2257 363 2300 mores
379 2253 523 2306 aeternor,
535 2238 584 2317 qui
601 2253 679 2296 tenta
699 2253 791 2320 opere

113 2316 220 2380 honore
238 2318 300 2381 solo
324 2317 518 2378 'donaverintt
538 2317 570 2377 δι
586 2317 653 2374 cum
664 2318 790 2400 reliquae

114 2418 232 2460 coronas
256 2420 326 2460 auro
347 2395 587 2459 commendarent
599 2438 608 2468 ,
620 2392 738 2458 salutem
747 2401 791 2458 cia

113 2481 159 2539 vis'
166 2483 195 2540 in
208 2481 303 2562 pretio
315 2478 371 2539 effe
386 2478 530 2540 noluerint
540 2498 548 2537 z
560 2475 636 2537 clare
645 2477 789 2558 professi,

113 2578 147 2619 ue
163 2560 269 2623 servari
288 2561 407 2642 quidem
423 2559 573 2621 hominem
587 2555 630 2618 fas
652 2557 708 2620 effe
720 2559 790 2620 lucri

114 2643 215 2702 trusi!
277 2657 279 2660 ’

151 2717 206 2785 v1.
229 2741 255 2804 5.
276 2717 407 2786 Glandee
422 2742 495 2807 oper
508 2717 564 2787 effe
580 2738 789 2883 ”Hunujquoque
