1975 3575
87 284 90 289 ·
185 270 395 347 Histoe.
420 272 492 346 Lib.
517 266 614 347 le.
666 292 747 365 ψ·

59 394 149 478 aqud,
164 391 339 476 &juglansz
356 392 402 452 hae
416 391 534 473 quidem
552 396 581 453 itt
593 392 653 464 his,
668 410 736 475 que

64 475 263 547 defodiuntur,
288 473 340 534 vel
383 473 546 553 rincipales.
569 473 642 555 Item
658 471 740 552 juni·

63 574 158 638 petus:
176 555 279 615 eadem
291 494 506 617 &subdialibus
517 554 669 632 aptissima.
685 553 737 615 Fa·

98 657 110 695 s
126 638 159 698 dt
173 655 274 696 tetrus
290 634 426 695 celeriter
445 632 634 695 marcescunt.
649 632 741 701 fiscus

64 654 102 776 ltus
114 737 229 797 quoque
241 716 419 775 humorisitn
442 718 542 775 atiens.
551 712 663 775 Contri
671 715 740 775 ada·

65 794 104 855 da
117 799 146 857 in
166 815 272 857 terram
290 798 320 856 in
340 736 509 876 palulltibus
521 796 603 855 alnus
615 811 747 868 aeterna,-

67 876 156 937 oreris
172 897 208 937 ue
229 876 398 958 quantilibet
418 878 547 956 patiens:
568 874 679 936 cerasus
692 873 740 935 fir-

66 974 125 1019 ma:
143 896 236 1017 tdmus
253 958 292 1017 ’δι
310 954 436 1016 fraxinua'
456 956 561 1029 lentae,
573 954 632 1016 -sed
651 955 747 1016 facile?

65 1037 229 1119 pandantur:
241 1037 354 1098 llexiles
363 1053 459 1096 tamen
468 1080 478 1110 ‚
487 1034 672 1118 stantesquea
680 1040 739 1097 tir·

65 1117 211 1178 mmcisurl
231 1119 342 1177 siccatae
363 1116 520 1177 fideliores.
547 1115 679 1177 Laritem
705 1121 739 1179 itt

66 1201 203 1259 maritimis
218 1198 340 1260 navibus
356 1198 515 1259 obnoxiam
536 1199 661 1258 teredini
676 1214 738 1260 tra·

67 1278 145 1339 dunt:
156 1280 329 1361 omniaque,
338 1294 530 1360 praeterquam
538 1278 690 1339 oleastrum
700 1282 736 1343 δι

67 1359 161 1420 oleam.
184 1359 331 1438 Quaedam
350 1361 473 1420 enimin
487 1362 580 1433 mari,
601 1360 735 1442 quaedam

68 1439 181 1500 ittrtrri
201 1442 280 1501 vitiis
293 1442 519 1533 opportuniora.
593 1468 596 1475 ⁴
675 1458 679 1465 ·
737 1480 739 1487 ·

74 1519 213 1581 lxxx
234 1532 284 1596 41.
305 1519 500 1582 Inlestantium
513 1536 636 1602 quatuor
645 1538 735 1607 gene·

68 1600 264 1662 raTer'edines
286 1606 379 1683 capite
398 1603 435 1662 ad
474 1605 620 1683 ortionem
631 1603 735 1686 gravis·

69 1682 149 1742 tinto:
164 1683 271 1743 rodunt
286 1683 430 1744 dentibus.
442 1624 498 1743 llae
509 1687 620 1744 tantum
629 1689 657 1744 in
665 1682 740 1745 nra-¹

69 1763 85 1821 ti
101 1761 270 1825 sentiuntur:
288 1785 342 1824 trec
359 1765 442 1826 aliam
459 1779 561 1846 putant
571 1766 736 1830 teredinem

69 1845 171 1925 proprie
195 1846 262 1905 dici.
284 1843 467 1918 Terrestres,
486 1848 580 1907 tineas
604 1865 712 1910 vocant
721 1865 738 1913 t·

27 1945 28 1950 ¹
71 1925 188 1986 culicibus
206 1927 280 1987 verb
297 1928 422 1999 similes,
437 1928 555 2009 thripas,
580 1927 731 2007 Quartum

71 2003 102 2065 el
119 2008 149 2068 &
171 2026 188 2067 e
206 2008 432 2068 vermiculorum
450 2011 730 2089 genere:&e0rum

71 2084 104 2145 alii
121 2086 298 2168 putrescente
325 2086 410 2150 succo
439 2089 502 2169 ipsi
527 2092 665 2151 materie:
684 2091 736 2152 alii·

71 2168 218 2244 perimitur,
238 2170 313 2228 sicut
325 2170 361 2226 in
381 2167 550 2243 arboribus,
564 2190 604 2230 ex
623 2191 660 2231 eo
680 2173 733 2252 qui

72 2246 173 2308 cerastes
183 2266 314 2310 vocatur.
329 2244 408 2307 Cum
425 2249 535 2306 tantum
546 2248 682 2323 eroserit,
699 2267 733 2310 ut

72 2327 226 2412 tirtumagat
245 2328 291 2400 se,
312 2342 430 2410 generat
446 2327 541 2386 aliurn.
565 2328 637 2389 Haec
654 2328 735 2390 nasti-

71 2410 187 2484 ptohibet
206 2413 239 2468 in
260 2408 322 2468 aliis
342 2406 523 2480 amaritudo,
539 2407 732 2489 utcuprello:

73 2486 161 2550 italiis
178 2490 283 2550 duritia
296 2534 305 2564 ‚
316 2505 349 2549 ut
364 2490 453 2550 buxo.
470 2487 642 2553 Tradunt&
651 2490 733 2551 abie-

73 2581 114 2629 ten
123 2572 197 2631 circa
212 2571 435 2653 germinationes
445 2569 733 2654 decorticatam,qub
834 2625 836 2628 .

73 2646 175 2710 dumus
195 2649 293 2725 Luna,
312 2654 392 2734 aquis
408 2672 467 2712 non
485 2654 641 2734 corrumpi.
657 2651 732 2714 Ale·

72 2731 153 2790 tandri
167 2728 267 2811 Magni
275 2734 399 2792 comites
409 2732 613 2814 prodiderunt,
625 2737 654 2793 in
664 2732 731 2814 Ty·

72 2803 189 2871 blitabri
206 2813 293 2881 matis
303 2811 518 2884 inlttliarbotet
532 2812 654 2884 elim-ex
666 2817 734 2898 quis
822 2889 825 2895 ¹

103 2891 261 2968 Tomutlll,
583 2892 609 2958 L
