1975 3575
190 265 402 337 Hrsro'n.
420 264 495 337 Lib.
523 262 633 337 xv11.
687 289 752 361 291

88 402 178 460 nun,
189 385 225 447 δι
235 381 406 459 fecundius,
420 381 507 465 quim
523 382 626 446 serere.

128 483 171 545 17.
198 464 270 525 Non
295 463 338 526 est
364 463 527 525 omittenda
553 468 648 525 raritas
673 465 756 527 uniar

89 544 216 628 exempli.
235 542 385 606 Corellius
396 564 486 626 eques
497 543 585 604 Rom.
596 543 695 606 Ateste
723 567 759 607 e·

89 629 172 702 nitus,
191 624 296 688 insevit
312 625 471 686 castaneam
486 622 607 686 suome'
630 623 687 685 sam
700 567 758 687 fur·

88 708 149 768 rulo
166 708 196 768 in
216 705 410 787 Neapolitano
426 725 510 788 agro.
521 703 605 778 Sicfa
660 704 701 766 est
712 728 759 769 ca·

91 785 192 858 tiatira,
208 808 273 870 qua
281 789 318 847 ab
330 807 367 848 eo
378 806 487 847 nornen
493 789 608 867 actepit
615 787 690 848 inter
699 785 761 848 lau·

90 867 171 929 datas,
180 867 282 929 Postea
291 868 422 929 Etereius
435 867 554 927 libertus
563 865 762 930 Corellianam

90 949 184 1009 iterum
201 947 314 1010 insevit.
332 947 406 1008 Haec
425 946 468 1008 est
482 949 617 1008 intereas
626 946 761 1010 differen·

89 1031 141 1089 tia:
157 1030 204 1089 illa
224 1049 260 1090 co
282 1031 394 1100 iosior,
409 1028 472 1088 haec
482 1026 632 1089 Erereiarra
644 1029 763 1093 melior.

125 1107 247 1170 XXVII.
299 1111 394 1190 eliqua
413 1127 518 1190 genera
539 1108 616 1169 casus
640 1110 759 1192 ingenie

89 1188 135 1250 suo
145 1192 335 1273 excogitavit,
350 1210 383 1250 ac
400 1188 542 1250 defraRos
555 1188 646 1250 serere
660 1211 758 1253 ramos

87 1269 198 1345 docuit,
217 1274 284 1331 cirnr
300 1269 357 1352 pali
377 1268 465 1331 defixi
480 1269 593 1330 radices
610 1269 760 1352 cepissent.

89 1348 177 1411 Multa
201 1353 242 1412 sic
268 1350 418 1425 seruntur,
445 1351 475 1410 in
495 1348 651 1432 primisque
668 1346 760 1428 ficus,

88 1433 216 1492 omnibus
230 1432 295 1493 aliis
311 1429 407 1493 modis
425 1430 560 1505 nascens,
589 1448 760 1515 raeterquatn

88 1512 175 1574 talei:
189 1513 300 1593 optime
321 1513 462 1595 quidem,
484 1513 509 1572 si
525 1451 651 1574 vafftore
676 1534 761 1575 ramo

88 1595 140 1673 pali
160 1594 250 1655 modo
270 1611 391 1655 exacuto
413 1592 542 1675 adigatur
557 1593 634 1666 alte,
654 1597 759 1677 exiguo

87 1671 297 1756 superterram
322 1673 421 1736 relitio
444 1676 560 1755 capite,
586 1695 624 1735 eo
646 1695 682 1736 ue
695 1675 759 1758 ipso

87 1755 172 1818 areni
189 1772 341 1839 cooperto.
360 1755 456 1818 anto
478 1755 606 1819 seruntur
626 1696 659 1819 Er
676 1755 759 1819 Puni

87 1837 759 2001 nairiffitfffitffgt‘iissimss

88 1997 175 2071 dnn,
193 1999 380 2061 crassitudine
396 1999 490 2059 minirs
506 1999 660 2071 brachiali,
670 2002 760 2062 corti·

87 2099 119 2140 ce
135 2080 189 2140 dili
209 2097 291 2140 enter
310 2078 442 2151 servato,
457 2095 560 2139 trunco
578 2096 711 2141 exacuto.

213 2158 269 2221 ΙΙΙ.
289 2158 408 2239 Myrtus
424 2160 458 2219 &
473 2158 556 2217 taleis
570 2156 761 2221 sentummoa

87 2240 218 2303 meralei
236 2240 370 2313 tantiam,
389 2239 527 2319 quoniam
546 2238 576 2295 in
595 2238 678 2300 uitno
696 2260 762 2302 earn

86 2320 166 2383 inseri
174 2320 227 2383 reli
248 2322 278 2381 io
287 2318 432 2401 fulgurum
440 2314 585 2398 prohibet.
603 2316 727 2400 Quapto

87 2416 127 2461 ter
143 2404 185 2465 de
201 2341 342 2462 taffearutn
358 2398 417 2461 satu
438 2415 515 2459 nunc
536 2397 691 2459 dicendum
709 2343 764 2463 eff

84 2478 266 2544 servandum
281 2483 311 2541 in
329 2502 366 2543 eo
380 2498 447 2541 ante
459 2480 574 2552 omnia,
590 2495 624 2539 ut-
634 2480 715 2542 taleae
726 2501 763 2564 ex

84 2560 228 2626 feracibus
246 2561 315 2624 fiant
335 2560 557 2625 arboribuszne
579 2581 695 2637 curva,
709 2582 763 2623 ne·

85 2661 123 2703 -ve
136 2643 266 2717 scabrae,
281 2658 329 2704 aut
343 2642 479 2705 bifurca:
500 2661 576 2704 neve
593 2645 762 2718 tenuioren

85 2723 173 2862 ffim
182 2741 216 2786 ut
229 2745 346 2794 manum
355 2725 494 2807 impleant
502 2745 512 2805 ς
521 2742 558 2783 ne
568 2723 695 2785 minores
707 2745 762 2808 pe·

134 2805 220 2867 ibus:
233 2822 265 2865 ur
281 2804 394 2872 illibato
411 2804 544 2868 corticet
562 2820 657 2946 argue·-
670 2822 702 2867 ut
722 2804 761 2870 se·

457 2951 461 2959 .
638 2908 659 2968 ¹5
