1975 3575
203 274 407 348 Hrsron.
427 267 499 349 Lib.
524 276 619 351 Xlll.
681 299 732 373 47

52 394 301 458 lentur&viliora
309 416 415 479 genera
424 396 627 478 oleiemyrm,
636 397 730 471 lauro,

57 479 150 551 quibus
163 476 280 537 additur
295 477 542 559 sampsuchinum,
558 478 650 539 lilium
662 525 671 553 ‚
683 478 730 540 se·

6 553 8 562 '
57 557 732 640 numGraecum,myrrha,casia,natdum,jurr·

55 638 373 708 tus,cinnamomum.E
381 640 463 700 malis
471 660 590 722 quoque
600 642 730 702 cotoneis

52 720 83 781 ὃ(
95 718 217 779 struthiis
229 718 263 780 sit
274 720 390 794 oleum,
406 718 462 802 (ut
478 718 633 802 dicemus)
645 722 732 781 meli·

52 821 134 874 num,
153 800 236 883 quod
256 801 286 860 in
304 818 448 883 unguenta
466 804 582 873 transit,
597 800 731 863 admixtis

53 882 226 962 omphacio,
245 884 391 962 cyprino,
413 881 568 955 sesamino,
584 881 730 958 balsamo,

51 959 153 1040 junco,
167 961 263 1031 casii,
280 962 430 1024 abrotano.
446 960 581 1022 Susinum
599 964 733 1026 tenuissi-

52 1062 131 1102 mum
149 1045 282 1103 omnium
301 1041 353 1103 est.
377 1041 499 1104 Constat
512 1042 734 1117 exliliis,bala·

52 1126 141 1196 nino,
162 1123 296 1194 calamo,
319 1124 429 1198 melle,
447 1125 652 1196 cinnamomo,
665 1145 733 1186 cro·
755 1185 758 1190 Δ

52 1224 105 1278 co,
117 1205 246 1287 myrrhis,
258 1202 295 1264 Et
302 1205 381 1265 idem
399 1206 554 1288 cyprinum
564 1225 602 1265 ex
614 1226 730 1285 cypro,

53 1285 83 1346 ὅ(
92 1286 265 1367 omphacio,
283 1285 316 1346 &
325 1287 531 1359 cardamomo,
545 1286 674 1359 calamo,
685 1285 730 1346 as-

52 1365 184 1445 palatho,
202 1367 354 1426 abrotano.
377 1364 478 1448 Aliqui
491 1365 525 1426 &
536 1368 565 1425 in
577 1368 732 1446 cyprinum

51 1446 158 1507 addunt
175 1448 326 1529 myrrham
342 1447 375 1508 &
415 1466 544 1508 artacem.
565 1444 632 1505 Hoc
655 1448 732 1527 opti·

50 1548 130 1587 mum
150 1527 257 1589 Sidone
270 1572 281 1599 ,
293 1548 364 1588 mox
421 1544 534 1610 gypto,
556 1528 656 1587 sinon
676 1527 733 1588 ad·

51 1608 135 1668 datur
159 1606 330 1669 sesaminum
352 1608 460 1669 oleum.
487 1606 636 1668 Durat&
659 1629 731 1689 qua·

50 1689 193 1750 driennio.
213 1689 360 1749 Excitatur
380 1691 574 1750 cinnamomo.
592 1686 731 1750 Telinum

51 1768 82 1830 ht
100 1792 136 1830 ex
148 1771 217 1834 oleo
237 1772 364 1845 recenti,
375 1791 508 1852 cypero,
525 1772 655 1843 calamo,
673 1791 731 1832 me·

50 1851 149 1925 liloto‚
167 1851 236 1913 feno
255 1849 377 1924 Graeco,
388 1853 493 1925 melle,
506 1872 605 1926 maro,
620 1872 731 1912 amara·

51 1952 95 1992 co.
107 1932 176 1994 Hoc
188 1932 478 1994 erat'celeberrimum
489 1932 644 1992 Menandri
657 1953 731 2012 poe·

51 2028 87 2072 tae
105 2012 224 2075 Comici
239 2029 331 2074 aetate.
356 2011 457 2074 Postea
483 2013 575 2073 multo
596 2010 731 2074 successit

51 2111 172 2174 propter
188 2096 308 2178 gloriam
321 2114 356 2174 ap
378 2095 495 2155 ellatum
512 2093 681 2175 megalium,
693 2115 730 2154 ex

52 2175 121 2235 oleo
134 2174 287 2250 balanino,
305 2116 452 2247 balsirmo,
473 2175 602 2243 calamo,
620 2172 729 2253 junco,

53 2256 272 2337 xylobalsamo,
292 2256 391 2327 casii,
415 2255 519 2315 resind.
547 2252 641 2331 Hujus
660 2276 733 2336 pro-

54 2339 179 2416 prietas,
197 2355 229 2398 ut
244 2338 402 2398 ventiletur
425 2336 456 2393 in
486 2333 658 2413 coquendo,
676 2334 735 2393 do·

55 2437 104 2478 nec
116 2418 334 2480 desinat-olere:
346 2414 439 2478 rurlits
449 2412 649 2498 refrigeratum
661 2413 734 2474 odo·

55 2519 114 2559 rem
132 2496 213 2560 suum
232 2500 318 2581 capit.

93 2577 202 2661 Singuli
219 2600 338 2661 quoque
356 2578 430 2641 succi
452 2576 561 2639 nobilia
589 2590 734 2659 unguenta

56 2657 169 2721 faciunt.
197 2659 231 2720 ln
249 2662 348 2742 primis
371 2659 609 2719 malobathrum:
633 2654 732 2739 postea

58 2741 101 2800 iris
119 2739 263 2823 Illyrica,
285 2742 317 2802 ὃ(
335 2738 483 2820 Cyzicena
495 2758 658 2799 amaracus:
669 2739 734 2797 her·

59 2819 153 2888 batum
168 2818 302 2905 utraque.
312 2820 404 2883 Pauca
422 2821 465 2883 his
475 2865 487 2895 ,
499 2822 531 2885 δι
546 2820 602 2907 alia
612 2819 660 2883 ali
669 2817 735 2894 mis,
