1975 3575
258 266 470 341 Htsron.
492 271 565 342 Lib.
585 211 666 343 XII.
727 294 770 375 25

79 384 162 448 verb
183 383 321 448 fruticum
339 388 541 470 appetentius,
560 406 708 474 tamquam
728 394 774 454 in·

80 469 218 550 telligaut
235 471 343 549 pretia,
358 473 521 550 germinum
535 473 629 533 caules
649 474 774 554 praedul·

82 552 111 610 ci
131 547 248 631 liquore
277 565 446 632 turgentes,
471 550 709 636 distillantemque
733 556 772 618 ab

81 629 126 690 his
144 626 160 711 (
174 627 256 689 casds
266 629 412 713 mixturd)
430 628 547 692 succum
559 635 693 717 improbo
704 635 772 697 bar·

79 709 189 771 barum
206 710 280 771 villo
304 708 491 795 abstergere:
516 713 592 774 hunc
616 715 771 810 glomerari

78 790 227 873 pulvere,
247 793 365 873 incoqui
381 791 468 854 Sole:
486 793 605 855 &ideo
621 817 651 854 ιιι
665 795 772 859 ladano

80 891 234 952 caprarum
268 871 322 931 ilos
332 869 467 934 effersed
477 873 534 934 hoc
545 876 680 937 nonalibi
690 875 771 951 fieri,

79 951 171 1034 quim
185 951 214 1011 in
256 952 450 1036 abataeis,qui
459 952 524 1015 sunt
534 975 571 1015 ex
580 955 691 1019 Arabia
699 979 772 1019 con·
833 973 836 979 ’

77 1033 201 1093 termini
216 1029 320 1113 Syriae.

70 1187 73 1192 Ι
122 1110 317 1174 Recentiores
336 1133 372 1174 ex
389 1112 551 1175 rudioribus
569 1113 689 1177 strobon
711 1118 772 1181 hoc

77 1210 209 1255 vocant:
227 1194 400 1276 traduntque
420 1196 507 1256 silvas
531 1195 664 1259 Arabum
686 1197 770 1279 pastu

77 1293 232 1355 caprarum
257 1273 391 1357 infringi,
408 1292 495 1357 atque
517 1278 556 1336 itu
577 1275 693 1339 succum
710 1280 769 1340 vil·

79 1354 119 1414 lis
147 1354 353 1416 inhterescere:
371 1375 475 1416 verum
508 1373 606 1417 autern
633 1357 770 1422 ladanum

81 1433 180 1516 Cypri
195 1434 292 1496 insulae
309 1433 366 1496 effe
383 1432 441 1517 (ut
452 1435 549 1496 obiter
568 1456 691 1519 queque
714 1458 770 1521 ge·

78 1536 152 1577 nera
170 1516 296 1578 odorum
318 1517 466 1588 dicantur,
482 1519 617 1599 quamvis
631 1539 691 1577 non
703 1535 769 1580 ter·

77 1617 179 1657 ratum
202 1597 305 1658 ordine
317 1595 351 1679 ι)
370 1598 502 1657 similiter
523 1598 581 1659 hoc
600 1599 633 1661 &
651 1599 691 1660 ibi
702 1597 768 1664 fieri

79 1678 215 1753 tradunt,
229 1678 262 1740 &
282 1675 338 1739 effe
355 1676 402 1739 oes
421 1698 491 1759 pum
510 1677 767 1743 hircorumbarbis

79 1757 207 1843 genibus
243 1757 381 1821 e‘villosis
392 1700 504 1821 daetens
514 1805 524 1835 ,
536 1757 586 1821 sed
598 1760 693 1822 ederae
711 1761 768 1823 flo-

80 1860 111 1901 re
131 1840 206 1901 dero
218 1861 260 1913 o,
277 1839 401 1922 pastibus
411 1843 571 1914 matutinis,
585 1844 652 1903 curn
663 1841 704 1904 est
715 1866 766 1906 ro·
856 1898 859 1903 ,

77 1923 194 1981 rulenta
209 1919 237 1983 C
262 1942 339 2001 ptos.
358 1918 475 1982 Deinde
495 1921 601 1983 nebuld
618 1921 687 1985 Sole
704 1925 764 1986 dis·

77 2001 178 2074 tussi,
194 1943 349 2083 puberem
367 2002 548 2064 madentibus
568 2002 645 2065 villis
665 2005 764 2067 adhe·

77 2080 212 2155 reseere,
226 2099 312 2165 atque
331 2084 371 2144 ita
388 2082 523 2144 ladanum
538 2082 661 2164 depebii.

121 2159 198 2222 Sunt
213 2165 262 2243 qui
280 2163 402 2225 herbam
421 2165 451 2224 in
470 2163 593 2246 Cypro,
607 2185 644 2226 ex
659 2163 717 2248 qud
729 2163 762 2228 id

76 2240 151 2316 fiet,
172 2242 299 2304 lederna
321 2243 447 2325 pellente
465 2243 599 2325 (etenim
616 2244 657 2305 illi
677 2246 762 2307 leda-

76 2344 149 2384 num
166 2340 273 2386 vocant
283 2266 323 2464 t}
343 2322 552 2405 hujuskpingue
568 2325 693 2384 insidere
705 2327 763 2386 ita·

77 2425 136 2484 que
154 2404 276 2465 attradis
309 2404 446 2465 uuiculis:
466 2403 586 2463 herbam
599 2422 663 2463 eam
686 2425 761 2464 con·

76 2484 282 2567 volv'iffitque
301 2488 341 2546 ita
359 2482 432 2545 offas
449 2482 523 2546 fieri.
542 2482 620 2566 Ergo
639 2485 669 2543 in
685 2501 761 2546 utra·

76 2565 320 2729 {ibiibi
331 2563 762 2722 biiiin‘iiYibiississ

77 2726 201 2799 ditium,
217 2726 338 2799 lentum.

115 2805 243 2866 Necnon
258 2808 291 2867 δι
307 2805 440 2874 fruticem
460 2804 517 2872 effe
537 2805 635 2872 dicunt
644 2807 674 2869 in
686 2804 758 2873 cns

116 2889 218 2949 Tollius
230 2885 297 2953 mo
325 2890 332 2899 Δ
435 2891 440 2899 ’
610 2886 636 2951 B
765 2898 768 2903 >
