1975 3575
156 218 202 289 H
209 236 264 289 rs
283 235 395 288 roa.
418 216 493 289 Lib.
507 217 636 291 XVIII.
685 185 757 319 ᾖς

80 336 121 399 bis
136 340 250 399 tantum
262 336 335 398 locis
348 335 424 397 Soiis
434 356 575 419 terraque
583 354 681 400 centra
690 359 762 400 ton·
775 353 778 358 ’

71 436 188 501 ⁴gruunt.
211 418 305 501 Igitur
324 418 429 478 horum
450 418 575 478 siderum
591 418 715 490 diebus,
733 411 759 479 εἰ

79 519 163 638 purus
182 514 273 580 atque
296 500 375 559 mitit
391 518 440 560 aer
452 498 605 580 genitalem
620 500 698 560 illum
718 500 760 561 la·

104 599 169 640 eum

191 600 229 639 ue
243 578 360 639 succum
369 576 549 639 transmiserit
557 580 586 639 in
595 580 759 653 terrania-

78 673 107 718 ta
126 601 300 720 adddescunt
317 658 381 720 sata.
406 658 436 718 Si
454 660 556 731 Luna,
575 660 632 741 qud
655 658 760 721 dittun

77 737 116 799 est
126 737 412 812 tatione‚toscidum
422 738 510 822 frigus
518 737 761 820 adsperserit,ad·

78 820 163 879 mixta
179 820 366 892 amaritudo,
379 836 412 880 ut
428 822 458 879 in
473 819 563 893 laide,
576 821 763 902 puerperium

77 915 167 960 uetat.
177 901 294 962 Modus
305 903 334 959 in
347 902 429 961 terris
437 898 522 979 hujus
531 898 643 981 injuria
649 943 662 972 ,
671 917 763 980 quem

77 976 143 1040 fecit
164 982 196 1042 in
209 1000 397 1062 quacumque
413 980 599 1042 convexitate
607 981 763 1041 comitatus

78 1058 221 1142 utriusque
234 1058 338 1122 causae.
353 1060 390 1122 Et
400 1059 469 1121 ideo
484 1080 546 1122 non
559 1063 664 1141 paritet
672 1060 702 1119 in
712 1076 766 1119 to-

76 1154 107 1199 to
126 1141 199 1202 orbe
221 1139 364 1215 sentitur,
386 1156 418 1201 ut
442 1161 497 1201 nec
522 1141 595 1202 dies.
622 1138 762 1223 Aquilam

77 1219 198 1282 diximus
215 1223 248 1282 in
272 1220 355 1282 ltalid
377 1223 483 1282 exoriri
510 1242 536 1281 a.
555 1221 584 1281 d.
605 1234 676 1283 1111.
705 1219 763 1280 Ka·

78 1298 173 1362 lendas
190 1302 328 1364 Ianuarii.
352 1300 419 1362 Nee
437 1302 544 1384 patitur
561 1302 632 1361 ratio
653 1317 763 1366 netum

79 1383 234 1465 quidquam
245 1387 279 1443 in
296 1381 361 1443 satis
377 1397 444 1442 ante
463 1401 531 1442 eum
540 1381 618 1441 diem
629 1379 689 1461 spei
705 1378 762 1441 effe

73 1480 172 1523 terta.
193 1462 225 1524 Si
242 1464 321 1524 verb
347 1463 532 1523 interlunium
550 1460 679 1535 incidat,
695 1480 764 1522 om·

79 1560 129 1602 ues
139 1543 283 1605 hibernos
298 1540 404 1604 fruetus
420 1543 454 1606 δι
475 1562 622 1624 praecoces
633 1541 699 1602 laedi
710 1560 763 1603 ne·

82 1621 152 1683 cesse
168 1623 221 1685 est.

87 1743 90 1750 -
118 1702 213 1765 Rudis
232 1701 287 1766 fuit
302 1702 459 1786 priscorum
475 1705 537 1768 vita
552 1719 638 1788 atque
655 1705 716 1763 sine
728 1702 763 1761 lia'

81 1784 166 1846 tetis:
185 1806 248 1846 non
264 1788 357 1847 tninirs
378 1805 475 1848 tamen
490 1783 669 1869 ingeniosam
678 1780 761 1847 fuid'e

80 1862 186 1923 inillis
211 1864 443 1927 observationem
472 1867 645 1948 apparebit,
671 1864 761 1946 quim

80 1961 157 2003 nunc
177 1939 236 2001 esse
259 1945 410 2005 rationem.
426 1944 499 2004 Tria
508 1965 634 2025 namque
642 1962 762 2024 tempo·

81 2042 112 2082 ta
131 2020 274 2081 frudiibus
288 2023 475 2095 metuebant,
487 2041 606 2104 propter
643 2024 704 2083 uod
718 2027 763 2084 in·

81 2098 234 2164 stituerunt
250 2100 355 2173 ferias,
375 2101 492 2182 diesque
515 2103 622 2173 festos,
668 2103 766 2182 ubiga·

82 2181 118 2242 lia
126 2182 284 2258 ,Floralia‚
293 2181 418 2242 Vinalia.
430 2182 580 2265 Rubigalia
589 2182 687 2249 Numa
695 2200 765 2241 con·

84 2260 170 2323 stituit
191 2284 269 2325 anno
285 2264 366 2344 regni
385 2261 426 2322 sui
445 2280 493 2322 x1.
514 2282 577 2341 qna
588 2282 662 2321 nunc
673 2280 763 2342 agun-

84 2358 128 2403 tur
141 2365 175 2404 a.
190 2344 221 2405 d.
241 2343 395 2427 septimum
416 2342 561 2403 Kalendas
580 2340 673 2414 Maii,
688 2360 765 2421 quo·

85 2424 159 2483 niam
186 2441 254 2485 tunc
278 2424 340 2485 fere
361 2423 471 2506 segetes
499 2424 604 2502 rubigo
630 2442 701 2481 occu
724 2437 763 2483 at.

85 2498 152 2563 Hoc
164 2521 279 2585 tempus
290 2503 386 2564 Varro
401 2505 604 2566 determinavit
612 2499 681 2561 Soie
717 2521 765 2560 au·
861 2532 864 2539 .

86 2582 110 2723 qi
125 2603 238 2664 partem
255 2585 397 2680 decimam
417 2586 591 2657 obtinente,
610 2586 683 2724 εᾶωῐ
695 2599 764 2723 rupes

88 2663 577 2831 rsttt²ttriat3tt⁰ss
591 2681 765 2827 aab,
