1975 3575
177 283 406 357 Hrrror.
429 285 503 355 Lib.
530 285 610 357 XV.
663 250 731 381 r4p

73 398 120 481 jum
130 401 283 462 invenitur.
301 401 407 483 Neque
423 406 520 462 omnia
539 405 620 463 insita
635 398 735 466 misce·
823 476 825 481 Α

73 480 142 541 silas
160 480 217 553 est,
237 484 312 542 sicut
327 501 381 542 uec
400 480 491 563 spinas
504 482 586 543 inseri
598 529 607 556 ‚
618 486 734 567 quando

73 559 166 643 fulgura
181 563 289 642 expiari
308 583 368 623 non
394 580 506 645 queunt
532 562 630 624 facile:
650 581 736 646 quot·

72 662 118 721 que
133 662 234 724 genera
250 644 336 703 insita
356 641 489 714 suerunt,
501 658 546 705 tot
557 643 668 726 fulgura
676 663 736 707 uno

74 719 119 780 iun
134 724 362 802 pronuntiantur.
466 758 469 764 ·
634 758 638 763 ·

76 826 78 830 ·
103 800 280 863 Turbinatior
301 804 370 884 piris
396 802 498 887 figura.
520 805 556 866 ln
574 805 609 864 iis
639 801 741 865 sereti-¹

70 900 102 940 na
114 883 147 942 ad
163 883 289 944 hiemem
307 881 397 965 usque
417 884 456 945 ad
471 903 594 947 matrem
606 883 738 966 pendent

70 961 127 1099 pelu
140 961 374 1037 maturescentia,
394 962 519 1039 Graeca,
541 963 740 1045 ampullacea,

80 1061 168 1103 aurea:
185 1046 258 1104 sicut
273 1046 304 1103 in
321 1044 404 1104 malis
423 1044 581 1118 Amerina,
597 1042 737 1104 Scandia-

70 1141 107 1181 na.
123 1121 291 1195 Conduntur
311 1127 385 1185 verb
402 1127 484 1206 pira,
501 1143 536 1185 ut
552 1145 634 1199 uvae,
646 1147 679 1185 ac
689 1134 737 1186 to·

69 1201 144 1263 tidem
158 1204 270 1265 modis:
288 1224 384 1287 neque
404 1206 482 1265 aliud
506 1209 536 1264 in
555 1205 648 1277 cadis,
659 1226 736 1286 prae·

69 1296 181 1365 terquam
193 1306 291 1366 pruna.
303 1283 401 1346 Pornis
412 1289 595 1368 proprietas,
607 1283 737 1368 pirisque

69 1362 134 1426 vini:
151 1365 336 1447 similiterque
350 1367 379 1425 in
398 1368 481 1450 aegris
503 1363 657 1426 medentes
685 1385 737 1424 ca-

68 1460 140 1505 vent:
159 1466 190 1506 ac
207 1448 279 1505 vino
296 1447 329 1506 δι
347 1447 420 1528 aqui
440 1462 624 1529 coquuntur,
646 1461 737 1525 atque

69 1524 232 1602 pulmentarii
245 1527 343 1586 vicem
361 1526 504 1607 implente
521 1524 601 1607 quod
609 1544 669 1586 non
679 1524 733 1588 alia

68 1616 157 1682 preter
175 1624 313 1676 cotonea,
329 1607 361 1667 δι
377 1605 506 1667 struthia.
533 1640 538 1648 ·
807 1670 812 1678 ,

72 1718 74 1725 ·
103 1683 208 1747 XVIII.
232 1683 330 1746 16.1n
349 1685 512 1747 universum
531 1687 604 1746 verb
624 1684 659 1745 de
676 1705 734 1766 po.-

68 1764 111 1825 nis
128 1764 270 1827 servandis
293 1768 477 1849 praecipitur:
498 1768 628 1849 pomaria
643 1768 673 1826 in
686 1767 733 1830 lu·

68 1863 98 1904 to
112 1845 143 1906 sri
164 1847 212 1909 'du
235 1870 269 1908 ac
291 1849 369 1909 sicco
389 1847 732 1930 contabularizseptem·

67 1868 353 1989 mortiburfenestris
364 1927 466 1991 sereno
476 1930 524 1990 die
537 1944 655 2010 patere:
670 1926 731 1989 Au·

66 2002 158 2068 slross
174 2009 333 2070 ecularibus
348 2030 464 2081 arcere,
483 2008 640 2091 Aquilonis
659 2018 733 2091 quo?

66 2105 113 2166 que
128 2031 232 2150 atillam
261 2111 328 2151 onra
346 2091 518 2171 deturpante
532 2091 617 2170 rugis.
635 2086 730 2150 Colli·

67 2168 174 2245 ginala
187 2190 227 2252 po
270 2169 473 2253 aequinoilium
488 2169 671 2241 autumnale,
684 2188 735 2228 ne-

66 2265 113 2325 que
120 2267 184 2312 ante
194 2267 263 2311 xva.
280 2250 410 2320 Lunam,
421 2265 594 2331 nequeunte
607 2250 733 2326 primam

66 2322 163 2393 loram.
183 2328 296 2391 Carliva
317 2328 346 2390 se
367 2330 462 2389 arari:
481 2324 741 2398 stramenrimstoa

64 2409 130 2481 reis,
146 2409 272 2492 paleisve
282 2409 333 2471 sub
359 2411 430 2471 erni·
443 2407 520 2469 Rara
535 2407 691 2487 componi,
701 2420 734 2469 ut

65 2485 155 2551 limites
168 2492 261 2572 pervii
276 2489 404 2572 spiritum
423 2488 565 2571 aqualem
580 2486 735 2568 accipiant.

64 2564 192 2632 Amerina
207 2571 334 2633 maxime
360 2571 484 2647 durare,
507 2567 655 2631 melimela
679 2567 738 2639 miq

64 2648 142 2712 nine.

71 2771 74 2778 ·
99 2748 141 2805 ¹7·
162 2730 308 2794 Cotoneis
328 2732 358 2792 in
374 2729 510 2794 concluso
531 2727 732 2812 spiramentum

63 2824 141 2874 uuae
163 2812 367 2888 adimendum,
386 2830 436 2876 aut
453 2811 571 2953 incoqgi
579 2808 732 2905 puellm„

577 2911 608 2973 11]
679 2913 689 2948 i
726 2947 729 2954 ,
