1975 3575
234 239 279 314 86
342 237 378 308 C.
398 235 577 306 Paruit
598 237 788 309 Narun.

232 355 439 438 subsecutisque
457 377 517 415 non
527 357 624 437 paucis
634 356 706 416 hanc
718 379 816 417 curam
828 353 919 438 ejus,
973 352 974 433 l

231 439 308 499 unde
327 437 413 498 nobis
432 440 524 498 crevit
541 436 640 497 labor:
653 440 702 519 qui
725 459 763 518 pe
784 441 851 498 clam
863 460 919 498 re-

232 518 371 598 quirenda
393 521 449 579 sint
472 539 531 577 non
543 516 636 577 solltm
655 460 756 600 podea
774 521 919 591 inventa,

225 602 335 660 -verirm
353 601 439 660 etiam
457 620 510 670 ea,
525 619 589 680 quae
608 601 777 660 invenerant
806 599 918 681 prisci,

232 679 343 740 desidial
361 701 457 741 rerum
468 680 666 740 internecione
674 699 822 740 memorrae
831 681 917 740 indu·

232 759 287 821 dii.
300 759 392 842 Cujus
409 761 502 821 somni
521 758 616 820 causas
636 761 698 841 quis
717 759 807 833 alias,
825 760 916 843 qulam

256 842 364 904 ublicas
382 842 503 916 mundi3
520 841 679 902 invenerit?
698 838 847 901 Nimirum
868 841 918 900 alii

230 863 344 984 sirbiere
363 925 453 998 ritus,
464 924 596 1004 circaque
613 920 667 980 alia
684 937 798 982 mentes
819 922 916 981 homi·

232 1024 303 1065 nunt
324 1005 503 1077 detinentur,
523 1004 555 1065 &
573 1004 698 1062 avaritiae
714 1003 827 1062 tantiam
836 1019 913 1063 artes

232 1086 375 1145 coluntur.
398 1086 493 1144 Antea
510 1085 625 1143 inclusis
643 1084 772 1164 gentium
783 1085 914 1164 imperiis

233 1167 307 1224 intra
328 1167 414 1246 ipsas,
432 1166 559 1247 ideoque
582 1166 614 1225 &
630 1165 771 1246 ingeniis,
788 1164 914 1246 quadam

232 1243 378 1307 sterilitate
399 1244 543 1318 fortunae,
558 1242 669 1305 necesse
686 1261 746 1305 erat
760 1248 849 1305 animi
859 1245 915 1306 bo*

233 1347 271 1387 na
280 1345 415 1389 exercere
425 1351 433 1389 z
444 1324 580 1410 regesque
591 1327 733 1386 innumeri
744 1326 858 1387 honore
872 1347 916 1386 ar·

233 1410 306 1468 tium
328 1409 516 1481 colebantur,
542 1406 574 1467 &
595 1409 624 1465 in
642 1405 833 1467 ostentatione
864 1406 915 1466 has

234 1487 561 1568 praeserebant‘opum,
586 1487 834 1548 immortalitatem
861 1487 915 1548 sibl

233 1588 287 1648 pet
296 1568 357 1628 illas
367 1569 514 1650 prorogari
523 1567 701 1630 arbitrantes.
714 1567 816 1647 Quare
827 1568 916 1629 abun<-

234 1649 340 1708 dabant
354 1651 387 1710 &
405 1653 541 1731 praemia,
553 1649 701 1730 &opera
719 1652 799 1710 vitan
815 1647 914 1711 Poste·

234 1731 273 1789 ris
287 1730 388 1790 laxitas
399 1731 539 1791 mundi&
549 1750 645 1790 rerum
663 1730 824 1812 amplitudo
834 1730 913 1791 darn·

235 1829 276 1870 no
292 1809 345 1871 fuit
358 1831 365 1870 τ
383 1809 535 1893 postquam
548 1810 659 1873 senator
669 1811 825 1895 censulegi
834 1833 912 1893 coep·

234 1897 299 1963 tus,
318 1889 406 1971 judex
424 1891 487 1953 fieri
505 1890 609 1964 censu,
634 1892 829 1976 magistratum
857 1894 911 1953 du·

235 1986 359 2054 'remque
375 1974 445 2033 nihil
463 1977 553 2055 magis
575 1993 734 2049 exornare,
748 1973 835 2056 quarn
846 1993 912 2034 cen⁴

233 2050 303 2112 sus:
323 2051 474 2135 postquam
494 2074 611 2134 corpere
643 2054 752 2115 orbitas
770 2056 800 2114 in
817 2053 912 2115 audo·

233 2134 319 2193 ritate
338 2132 449 2195 summd
467 2135 500 2195 δι
517 2136 647 2218 potentia
665 2133 873 2216 effe‚captatio
881 2138 912 2195 in

234 2210 344 2294 quaestu
361 2215 554 2290 fertilissimo,
573 2236 607 2276 ac
626 2214 686 2276 sola
697 2217 800 2298 gaudia
809 2220 837 2276 in
848 2238 913 2299 pos·

234 2296 382 2358 ridendos
400 2298 578 2380 pessumiere
595 2298 661 2357 vitae
673 2299 785 2377 pretia;
803 2296 912 2360 omnes·

234 2396 292 2458 que
313 2397 330 2436 a
348 2382 473 2440 maximo
491 2380 572 2438 bono
587 2377 719 2439 liberales
729 2377 810 2438 didiae
820 2391 913 2452 artes,‘

233 2458 264 2515 in
286 2462 461 2518 contrarium
483 2458 628 2526 cecidere,
645 2480 679 2519 ac
697 2457 832 2520 servitute
852 2456 910 2519 sola
973 2479 974 2484 ¹

232 2537 336 2618 persici
358 2556 474 2619 coeptae.
491 2537 575 2598 Hanc
595 2538 665 2599 alius
683 2541 741 2600 alio
758 2539 909 2614 modo,&

233 2620 265 2676 in
273 2619 341 2678 aliisv
351 2618 471 2679 adorare
488 2642 497 2679 ι
516 2619 624 2679 eodem
640 2637 756 2690 tamen,
775 2620 909 2681 habendi·

230 2708 293 2775 lque
313 2700 350 2758 ad
366 2698 450 2780 spes,
468 2701 600 2759 omnium
609 2701 748 2761 tendente
756 2717 844 2762 voto*
851 2699 909 2760 Pan
973 2699 974 2728 ³

231 2777 291 2838 sim
302 2780 375 2844 verb
392 2782 480 2844 etiam
492 2782 601 2864 egregii
614 2781 708 2845 aliena
723 2783 812 2858 vitia,
824 2781 907 2864 quim
