1975 3575
203 253 426 324 Hrsron.
439 255 515 325 Lib.
535 254 663 328 xvim
716 275 788 353 379

101 375 205 442 ¹monii
215 373 346 447 domita,
359 372 446 433 etiam
458 373 603 436 coloribus
616 374 704 457 pitia,
714 399 790 459 prae·

66 513 68 516 ,
105 475 152 519 rer
163 454 263 530 suum,
275 453 414 529 serraliis,
433 474 579 537 purpureo
589 477 704 540 quoque
713 481 722 522 r
732 480 789 521 ne·

105 558 164 619 que
185 536 263 597 aliud
280 537 309 595 in
330 535 402 595 cibis
420 536 513 618 tingui
534 536 627 597 decer.

111 614 266 697 ¹>Genera
291 637 395 676 eorum
413 614 512 678 Graeci
531 617 591 678 duo
606 620 695 698 prima
708 618 788 683 fece-

103 719 156 770 re,
169 696 326 759 masculum
338 741 351 768 ,
368 696 618 781 femininumque,
636 700 669 762 &
690 719 724 760 ea
742 702 789 763 se-

106 779 190 840 rendi
211 779 304 839 modo
325 799 360 837 ex
380 779 487 839 eodem
504 778 635 840 semine:
653 779 787 844 densiore
854 800 855 803 ’

106 862 185 921 enim
202 858 264 920 satu
283 857 484 921 masculescere
495 906 505 935 ,
518 861 630 922 itemin
642 861 720 921 terri
732 860 789 921 dif-

105 937 188 1002 ficili.
209 938 332 1001 ‘Semen
350 939 547 1020 praellantius,
568 943 628 1022 quo
649 939 792 1005 subtilius.

105 1019 225 1102 Species
246 1021 320 1082 vero
341 1024 474 1081 omnium
490 1039 559 1082 tres.
581 1021 644 1082 Aur
662 1024 740 1083 enim
759 1025 793 1084 in

105 1102 287 1176 latitudinem
296 1099 378 1161 fundi
390 1146 399 1176 ,
410 1102 499 1162 autin
510 1102 716 1164 rotunditatem
728 1102 793 1185 glo·

103 1183 176 1270 lari.
192 1180 326 1244 Tertiam
342 1180 470 1264 speciem
486 1181 649 1245 silvestrem
665 1184 794 1266 appella·

103 1284 197 1337 vere,
211 1264 242 1323 in
265 1262 477 1344 longitudinem
497 1264 593 1325 radice
649 1285 791 1328 ocurren·

104 1361 134 1407 te
142 1387 154 1417 ‚
175 1342 298 1425 raphani
316 1344 503 1405 similitudine
515 1379 534 1418 ,·
544 1345 576 1406 δι
587 1343 637 1405 fo'
670 1345 792 1428 angulo·

103 1419 135 1487 so
154 1421 330 1508 scabraque,
345 1424 435 1486 succo
454 1426 536 1486 acri:
556 1426 607 1506 qui
622 1428 698 1487 circa
711 1424 793 1487 mes·

104 1504 164 1567 sem
175 1524 312 1588 exceptus
329 1508 433 1567 oculos
444 1522 565 1588 purger,
575 1507 786 1589 medeaturque

104 1586 238 1670 caligini,
255 1587 383 1647 admixto
402 1585 473 1646 latre
485 1587 649 1650 mulierum.
669 1587 793 1670 Frigore

103 1667 238 1732 dulciora
262 1666 326 1729 lieri
351 1666 544 1729 existimantur
562 1669 595 1731 δι
614 1668 790 1766 grandiorar

103 1766 209 1831 tepore
228 1750 258 1809 in
279 1747 350 1811 folia
369 1767 484 1812 exeunt.
503 1747 601 1811 Palma
617 1772 647 1813 rn
659 1750 793 1813 Nursino

102 1851 176 1909 agro
187 1828 378 1892 nascentibus.
395 1830 519 1892 Taxario
536 1835 565 1891 in
584 1831 669 1894 libras
686 1831 792 1894 sester-

100 1913 136 1973 rii
146 1911 274 1993 singuli,
294 1912 328 1972 δι
342 1912 371 1970 in
386 1912 507 1991 penuria
518 1912 592 1975 bini.
612 1913 746 1977 Proxima
757 1915 788 1975 in

102 1990 146 2055 Al
168 1992 218 2050 ido
236 1992 321 2050 natis.

146 2012 276 2131 itXXV.
299 2067 375 2149 Napi
396 2069 470 2129 vero
493 2068 692 2146 Amiternini,
715 2093 790 2154 quo·

101 2173 172 2217 rum
193 2149 296 2211 eadem
309 2147 370 2207 lere
380 2166 499 2221 natura,
528 2151 635 2212 audent
651 2153 733 2233 aqud
745 2152 795 2211 fri·

104 2233 191 2329 gidis.
212 2227 353 2290 Serunrur
364 2230 396 2290 dt
409 2245 475 2288 ante
519 2230 634 2290 alendas
651 2231 788 2303 Martias,

103 2334 137 2374 rn
154 2310 258 2394 jugero
281 2308 393 2370 sextarii
418 2325 555 2390 quatuor.
579 2308 795 2392 Diligentiores-

106 2394 209 2475 quinto
219 2390 298 2451 sulco
369 2410 418 2451 um
429 2388 483 2449 seri
494 2388 692 2471 jubent,rapa
703 2412 794 2473 quar·

105 2491 159 2546 to,
173 2412 509 2554 utrumqud'dereoraro.
530 2470 611 2554 Rapa
623 2471 731 2533 laetiora
742 2470 793 2534 fie-

106 2556 152 2627 ri,
168 2557 273 2615 sicum
295 2552 377 2634 paled
397 2550 582 2625 seminentur.
605 2549 707 2615 Serere
733 2573 791 2613 nu·

108 2634 182 2699 dum
199 2635 322 2706 volunt,
342 2651 513 2717 precantem
523 2634 578 2695 sibi
589 2635 621 2697 δι
632 2631 791 2695 vicinisse'·

108 2735 174 2777 rere
198 2712 237 2776 se.
264 2713 346 2775 Satur
368 2719 481 2798 utrique
501 2718 598 2800 generi
616 2712 722 2797 justus,
746 2717 792 2775 in·

108 2811 153 2863 ter
172 2794 297 2859 duorum
310 2798 460 2860 numinum
474 2797 535 2861 dies
552 2794 661 2870 festos,
674 2795 791 2881 Neptu-
