1975 3575
96 216 100 223 ·
189 183 619 304 numuruxvru.
669 177 753 323 401⁹
851 201 854 208 ’

76 335 142 407 lloc
155 343 246 408 Graeci
265 350 305 408 ita
324 347 465 409 deliniunt
482 372 490 410 ε
513 352 578 410 clun
595 351 631 411 sit
648 350 741 425 calida

83 427 111 486 δι
126 426 244 488 humida.
262 428 400 511 Virgilius
412 431 535 492 triticum
545 431 578 492 dt
587 428 644 490 sara
661 430 740 491 Ver·

82 506 194 586 gidarum
217 508 318 569 occasu
339 508 393 570 seri
414 508 518 588 jubet,
537 509 677 574 hordeum
696 515 742 574 in·

79 603 117 646 ter
131 588 327 669 equinodium
346 592 475 652 autumni
489 593 522 653 &
534 588 665 666 brumam
678 614 686 652 a
697 594 741 660 ui·

79 669 143 727 eiam
158 671 246 742 verli,
262 668 387 731 faseolos
398 672 431 731 &
445 671 572 744 lentem,
589 670 682 731 Boote
694 692 741 734 oc·

78 747 185 809 ridente.
207 745 280 830 Quo
299 748 350 824 fit,
371 767 403 812 ut
418 750 522 813 horum
534 749 661 811 siderum
673 751 740 814 alio·

77 847 183 909 rumque
200 848 318 892 exortus
338 832 371 893 &
388 830 504 893 occasus
523 832 673 913 digerendi
684 832 741 892 sint

77 907 177 970 iustos
201 912 272 974 dies.
300 908 373 971 Sunt
394 913 443 991 qui
460 910 492 973 δι
512 930 577 972 ante
596 911 741 995 Vergilia-

77 1007 129 1048 rum
143 991 269 1052 occasum
278 991 335 1052 seri
343 988 478 1071 jubeant,
487 992 632 1052 dumtaxat
642 994 672 1049 in
685 992 741 1050 ari·

76 1067 107 1127 da
120 1072 204 1145 terri,
222 1070 380 1154 calidisque
401 1072 577 1152 provinciis:
592 1068 740 1133 Custodiri

76 1150 140 1209 enim
157 1150 270 1225 semen,
291 1170 498 1235 corrumpente
518 1154 661 1226 humore,
681 1153 741 1213 &a

75 1233 192 1307 proximo
223 1235 320 1295 imbre
339 1254 399 1294 uno
419 1234 467 1293 die
486 1253 650 1313 erumpere.
678 1231 742 1294 Atii

75 1306 153 1371 statim
169 1315 204 1374 ab
224 1312 329 1375 occasu
351 1313 544 1395 Vergiliarum
575 1311 654 1407 sequi
684 1313 741 1388 im·

67 1387 174 1466 {bres‚a
191 1394 316 1476 septimo
335 1391 398 1468 sere
416 1395 473 1455 die.
491 1393 591 1474 Aliqui
614 1415 643 1452 m
662 1391 740 1532 friqi-

73 1469 109 1529 tlis
122 1473 160 1532 ab
179 1473 353 1557 aequinottio
372 1477 523 1536 autumni:
540 1476 569 1533 in
587 1472 685 1534 calidis
712 1493 740 1552 e·

73 1552 136 1625 tiis,
148 1575 183 1615 ne
194 1573 260 1617 ante
273 1557 403 1616 hiemem
418 1554 567 1616 luxurient.
583 1552 662 1614 Inter
673 1573 739 1614 orn·

71 1648 114 1691 nes
128 1653 222 1696 autem
240 1629 382 1697 convenit
400 1637 477 1695 circa
492 1634 625 1695 brumam
642 1632 740 1710 seren-

71 1710 130 1774 dum
144 1737 202 1777 non
225 1716 301 1794 elle,
317 1737 424 1801 magno
451 1732 643 1800 argumentor
665 1734 742 1797 quo·

71 1793 136 1855 niam
152 1798 272 1858 hiberna
293 1797 421 1871 semina,
441 1799 509 1858 clun
521 1816 587 1858 ante
604 1797 739 1858 brumam

70 1870 117 1934 sara
143 1879 219 1950 sint,
243 1877 364 1957 septimo
382 1879 429 1938 die
449 1898 528 1953 erum
551 1894 615 1953 ant:
632 1878 656 1937 si
672 1875 738 1958 post

62 1951 191 2016 ¹brumam
202 2000 212 2029 ‚
232 1957 282 2014 vix
292 1957 520 2037 quadragesimo.
531 1901 604 2016 gunt
613 1959 662 2026 qui
673 1978 740 2037 pro·

61 2052 183 2112 petent,
206 2051 293 2173 atque
312 2037 351 2095 ita
366 2038 567 2115 pronuntient,
580 2033 739 2097 festinatam

68 2111 221 2176 sementem
256 2136 317 2194 aepe
338 2113 741 2196 decipere‚setotinamsem·

67 2214 121 2273 per.
142 2195 167 2256 E
181 2197 325 2257 contrario
346 2195 412 2269 alii,
427 2193 476 2254 vel
490 2214 562 2253 vere
581 2196 678 2273 potilts
695 2193 741 2253 se·

67 2276 195 2350 rendum,
214 2275 300 2356 quint
321 2275 399 2335 malo
418 2291 567 2334 autumno.
578 2273 678 2354 Atque
689 2271 739 2333 uhi

67 2352 145 2415 suerit
161 2353 297 2431 necesse,
316 2357 391 2416 inter
400 2353 603 2416 Favonium&
615 2373 740 2414 vernum

67 2436 271 2515 equinoslium.
722 2480 727 2489 .
785 2508 787 2512 ¹

103 2514 233 2593 Quidam
250 2516 356 2580 omissi
367 2513 470 2579 calesti
480 2514 647 2585 subtilitate,
665 2528 739 2574 tem·

68 2597 180 2672 poribus
202 2597 351 2659 definiunt.
372 2595 452 2658 Vere
475 2597 589 2672 linum,
608 2597 641 2657 &
663 2613 738 2654 ave-

67 2693 148 2750 nam,
167 2680 199 2739 ὃ(
218 2699 365 2760 papaver:
381 2695 468 2760 atque
489 2681 532 2738 uti
553 2698 627 2738 nunc
650 2676 737 2736 etiam

67 2749 254 2840 Transpadani
275 2758 409 2835 servant,
426 2756 515 2841 usque
533 2760 563 2820 in
583 2756 736 2840 Quinquag
