1975 3575
252 304 321 377 126
373 298 811 371 aPzrmanror.
880 316 884 317 *

249 417 426 502 nucibusque
443 410 623 501 iuglandibus
641 415 768 476 additis:
785 433 835 475 eas
853 413 930 476 enim

246 501 360 564 fumum
382 501 529 581 excipere.
554 496 628 560 Cam
650 494 727 557 aniae'
751 495 928 557 nobinssimt

245 583 382 664 exposita
397 580 449 642 sub
469 580 520 642 dio
540 580 570 640 in
590 519 830 640 caiisverberari
841 575 927 646 Sole,

247 661 351 734 Luni,
370 661 463 722 imbre
475 660 485 735 ⁴,
504 661 600 724 ventis
612 661 792 740 aptissimum
804 657 928 717 viderur.

291 741 433 803 XXVIII.
459 762 510 802 22.
521 741 568 803 Ac
585 743 611 801 si
628 741 691 823 quis
711 738 878 820 diligentius
888 756 927 796 rc·

248 840 335 907 putet
347 865 357 895 ,
371 824 402 883 in
415 821 492 882 nulla
512 837 592 904 parre
615 821 769 901 operosior
792 821 855 879 vita
876 814 928 889 est,

249 925 306 966 ceu
323 924 383 964 non
400 901 616 964 saluberrimum
628 902 664 961 ad
684 916 786 983 potum
801 918 883 981 aquae
897 896 926 956 li·

250 1003 375 1066 quorem
385 1000 484 1044 natura
502 981 633 1054 tiederit,
650 1001 710 1063 quo
723 997 822 1041 cetera
835 978 926 1038 omnia

250 1065 405 1124 animantia
425 1079 555 1123 utuntur.
573 1060 616 1123 At
634 1082 689 1122 nos
707 1063 811 1121 vinum
830 1059 927 1119 bibere

250 1145 285 1206 &
302 1142 432 1223 jumenta
442 1145 590 1224 cogimus:
600 1158 740 1222 tantoque
750 1159 859 1221 opere,
870 1156 924 1198 tan-

245 1239 285 1284 ro
308 1223 406 1285 labore
425 1223 458 1285 δι
475 1220 625 1304 impendio
646 1219 772 1293 constat,
786 1221 869 1302 quod
880 1219 925 1279 ho·

249 1305 337 1365 minis
354 1320 483 1365 mentem
503 1319 615 1376 mutet,
630 1324 662 1364 ac
674 1301 802 1363 furorem
819 1305 925 1404 gignat,

250 1387 378 1447 millibus
394 1384 535 1446 scelerum
556 1384 623 1444 huic
644 1382 767 1444 deditis:
782 1400 862 1443 tanta
873 1379 924 1440 dut

251 1467 374 1540 certine,
387 1482 419 1524 ut
429 1486 534 1547 magna
566 1484 610 1524 ars
624 1485 683 1524 non
695 1462 772 1523 aliud
783 1465 852 1524 vitae
862 1468 922 1544 pra*

250 1547 345 1608 mium
366 1545 512 1628 intelligar.
532 1486 615 1625 &uin
629 1545 721 1605 immo
744 1561 776 1603 ut
795 1544 859 1624 pius
882 1562 923 1601 ca·

185 1688 192 1701 ,
250 1628 382 1707 pimus,
396 1623 479 1688 sacco
499 1619 654 1706 frangimus
665 1626 742 1686 vires
756 1645 763 1683 :
778 1624 876 1685 &alia
890 1624 922 1682 ir·

249 1708 403 1767 'ritarnenta
422 1708 643 1789 excogitantur:
656 1726 689 1765 ac
705 1705 826 1766 bibendi
846 1705 922 1764 etiam

249 1788 476 1861 causavenena
497 1784 710 1859 conficiuntur,
727 1786 789 1846 aliis
809 1788 922 1847 cicutam

251 1866 486 1950 praesumentibus
496 1913 506 1941 ,
515 1885 547 1927 ut
556 1867 657 1928 bibere
668 1888 748 1929 mors
759 1887 796 1926 co
816 1883 860 1936 at,
869 1864 921 1923 alis

251 1949 375 2031 pumicis
392 1947 533 2023 farinam,
552 1948 585 2009 &
603 1887 832 2031 querererenio
841 1944 922 2028 pudet

252 2028 371 2089 docere.
405 2026 596 2089 Cautissitnos
621 2048 658 2089 ex
674 2028 721 2089 his
738 2029 857 2089 balineis
876 2046 922 2086 co·

250 2110 305 2191 qui
325 2109 484 2181 videmus,
506 2106 654 2170 exanimes
690 2128 707 2172 e
738 2106 843 2169 efferri.
865 2105 920 2168 tan

251 2190 327 2251 vero
346 2189 417 2250 alios
438 2187 545 2258 iccium
564 2188 649 2272 exspe
677 2208 726 2249 are
747 2210 807 2251 non
829 2184 921 2272 poffe,

251 2272 346 2333 immo
364 2270 437 2332 vero
457 2290 512 2332 nec
529 2257 676 2343 tunicam,
691 2270 785 2332 nudos
803 2270 842 2329 ibi
861 2285 920 2351 pto·

251 2354 330 2412 tinus
348 2351 467 2413 anhelos
485 2353 611 2434 ingentia
627 2349 694 2412 vasa
709 2353 866 2432 corripere,
877 2365 920 2407 ve·

250 2432 296 2493 lut
316 2433 354 2491 ad
371 2431 593 2494 ostentationem
610 2430 871 2572 vinum‚acpiene
886 2429 921 2486 in·

250 2512 373 2574 fundere
382 2556 392 2584 ,
402 2528 433 2571 ur
444 2510 539 2574 statim
549 2530 685 2592 comant,
700 2512 777 2574 mrsu
791 2532 846 2595 que
858 2509 920 2568 hau'·

250 2594 344 2665 riam,
355 2592 442 2674 idque
457 2594 562 2655 iterum
578 2595 768 2675 tertiumque:
783 2606 921 2673 tamquam

251 2673 291 2733 ad
305 2672 457 2812 perdenda
472 2677 542 2734 vina
560 2676 666 2756 geniti,
680 2675 712 2738 &
729 2665 919 2755 tamquamef·

250 2750 304 2813 tun
324 2757 335 2812 i
354 2754 402 2814 illa
420 2776 481 2816 non
502 2757 630 2837 possint,
642 2756 697 2828 nisi
711 2755 920 2837 perhumanum

250 2849 370 2913 corpus.
385 2832 437 2899 Ad
447 2835 506 2899 hoc
517 2838 662 2919 pertinent
677 2836 834 2922 peregrine
845 2846 918 2897 exet·
