1975 3575
232 260 280 338 30
330 239 365 310 C.
391 196 776 311 Prrmrivrrrrn.

229 377 327 421 torum
343 359 553 429 crassitudinis,
575 357 667 418 statim
690 380 708 418 a
730 358 811 420 terri
824 356 923 422 sexdir

228 443 296 522 gitis
318 438 497 512 surculosus,
510 438 592 500 arido
608 439 719 500 similis.
735 440 818 502 Cum
828 444 922 512 viret,

229 541 290 582 non
304 521 462 591 odoratus,
478 520 553 582 solio
569 520 698 602 origani,
710 523 847 583 siccitate
857 542 924 605 gau·

230 601 320 678 dens,
333 601 456 664 sterilior
475 602 586 674 imbre,
599 601 707 662 caeduae
724 619 851 664 naturae.
869 600 924 663 Gi·

228 684 327 765 gnitur
344 687 373 744 in
389 685 482 765 planis
500 684 642 763 quidem,
660 682 710 742 sed
737 685 925 745 densissimis

229 767 261 823 in
280 765 439 845 vepribus,
454 763 609 845 rubisque,
630 759 761 824 difficilis
788 764 923 827 collecto.

227 842 353 906 Metitur
364 866 424 906 non
435 847 489 906 nisi
503 841 661 926 permiserit
676 844 774 907 deus:
790 844 923 929 (lovem

229 926 307 987 hunc
321 926 484 1010 intelligunt
502 923 606 1007 aliquit
620 922 796 986 Asiabinum
814 927 856 987 illi
873 947 925 988 vo·

227 1025 315 1067 cant:
333 1006 347 1090 )
367 1024 458 1070 xttv.
484 1006 599 1080 boum,
618 1026 865 1090 caprarumque,
890 1008 924 1069 δι

226 1091 351 1148 arietum
371 1091 444 1148 extis
465 1088 634 1166 impetratur
659 1089 749 1147 venia
775 1087 924 1149 cadendi.

230 1167 303 1229 Non
319 1184 417 1227 tamen
436 1185 485 1226 aut
501 1183 567 1227 ante
582 1183 678 1227 ortum
689 1164 783 1239 Solis,
796 1188 848 1229 aut
858 1166 924 1251 post

229 1246 364 1324 occasum
386 1249 464 1308 licet.
488 1245 638 1308 Sarmenta
657 1246 735 1307 hasta
758 1248 924 1310 dividitsa·

226 1330 353 1404 cerdon,
369 1328 484 1412 deoque
490 1345 622 1468 limem
649 1331 752 1408 ponit:
772 1323 925 1411 reliquum

227 1413 421 1473 mercatorio
442 1429 489 1469 ma
513 1431 544 1468 as
568 1409 677 1470 condit.
696 1408 745 1469 Est
758 1413 794 1473 &
811 1413 868 1471 alia
879 1410 924 1470 fa.»

230 1514 279 1553 ma
299 1512 366 1552 cum
382 1490 450 1550 Sole
470 1488 739 1570 dividi,tetnasque
753 1511 856 1572 partes
868 1490 922 1552 fic·

230 1576 277 1632 ri:
304 1572 370 1632 dein
389 1568 466 1630 sorte
486 1571 602 1649 gemini
616 1569 753 1632 discerni:
774 1574 860 1655 quod
904 1591 923 1631 e

230 1652 293 1713 Soli
317 1649 429 1712 cesserit
453 1650 598 1733 reiinqui‚
618 1672 651 1713 ac
674 1650 779 1733 sponte
806 1676 866 1717 con
889 1671 921 1714 a··

230 1749 324 1817 grate.
339 1765 344 1776 .

271 1813 417 1894 Praecipua
436 1812 552 1874 bonitas
571 1815 763 1897 virgultorum
784 1817 921 1877 tenuissi·
979 1826 980 1829 ’

224 1893 447 2034 rumpimus,
459 1895 495 1955 ad
519 1894 728 1976 longitudinem
748 1897 850 1979 palmi.
864 1897 922 1958 Se*

231 1996 288 2036 cun
310 1996 326 2033 a
346 1976 486 2055 proximis
505 1977 642 2037 breviore
665 1977 814 2051 mensura,
828 1994 920 2060 atque

229 2058 270 2116 ita
289 2056 402 2124 ordine.
423 2055 631 2131 Vilissimutn‚
663 2058 742 2139 quod
771 2060 920 2120 radicibus

224 2138 417 2223 proximum,
432 2140 571 2278 ffuoniam
590 2139 631 2199 ibi
653 2141 804 2198 minimum
825 2140 921 2201 corti·

227 2221 287 2291 cis,
306 2221 336 2278 in
356 2239 416 2301 quo
447 2240 546 2280 umma
563 2223 669 2302 gratiae.
691 2218 762 2298 Qui
784 2218 821 2277 de
845 2241 939 2279 cau-.

155 2376 157 2381 s
225 2294 457 2381 sipraeseruntur
466 2301 687 2372 cacumina,ubi
696 2299 833 2377 plurimus
845 2319 921 2360 cor·

227 2397 293 2444 tex.
313 2379 411 2462 Ipsum
433 2385 507 2443 verb
528 2383 637 2460 lignum
660 2380 688 2434 in
708 2373 822 2436 sastidio
854 2379 919 2454 est,

228 2479 354 2544 propter
381 2463 492 2542 origani
518 2458 724 2541 acrimoniam:
741 2457 919 2597 ullocinna·
962 2464 964 2468 '

231 2563 365 2603 motuum
378 2557 507 2602 vocatur.
518 2539 645 2599 Pretium
655 2535 697 2597 cst
714 2537 745 2598 in
767 2539 840 2599 'bras
854 2556 926 2601 xxc

231 2622 365 2701 Quidam
390 2622 512 2681 cinnami
537 2621 596 2680 duo
620 2638 725 2701 genera
745 2619 915 2694 tradidere,

230 2703 398 2776 candidius,
420 2698 592 2784 nigriusque.
625 2698 787 2780 Quondam
812 2700 915 2783 praefe·

224 2782 347 2855 rebatur
369 2781 552 2860 candidum,
577 2802 654 2846 nunc
674 2782 776 2849 contra
798 2786 916 2873 nigrum
