1975 3575
174 276 403 351 meror.
428 277 502 351 Lib.
523 279 636 354 XVll.
690 305 762 379 307
874 220 877 223 v

85 391 199 471 adfixo,
215 397 248 458 δι
266 391 339 458 fimo
364 395 475 458 addito.
506 394 597 459 Simili
616 399 707 463 modo
726 405 761 471 or

85 476 210 539 secundo
231 496 309 540 anno
340 477 498 552 reciditur,
514 478 644 560 viresque
661 484 762 543 conci·

86 559 189 641 pit,&
206 559 279 617 intra
302 555 332 617 se
352 555 442 640 pascit
468 556 631 620 suffecturas
657 564 763 626 oneri:

85 638 154 698 aliis
171 636 350 699 festinatione
379 638 512 719 pariendi
541 639 653 722 gracilis
674 660 760 723 arque

87 716 273 796 ejuncida,ni
281 717 448 780 cohibeatur
458 718 643 801 castigatione
654 723 763 795 tali,in

86 797 272 860 setumexeat
287 816 359 860 tota.
381 797 460 860 Nihil
483 801 597 862 avidius
620 797 764 865 nascitura

85 900 120 940 ac
136 880 185 939 nisi
200 879 237 939 ad
254 879 423 961 pariendum
439 881 517 943 vires
534 879 702 957 serventur,
719 899 766 945 to·

86 976 117 1031 ta
136 956 167 1020 sit
187 958 274 1023 fetus.

127 1039 298 1101 Peclamenta
318 1041 447 1123 optima,
461 1060 527 1123 qua
546 1039 692 1103 diximus:
713 1057 766 1107 aut

86 1120 205 1182 ridicae
221 1121 346 1196 robore,
361 1121 485 1203 oleique
500 1137 568 1182 :aut
580 1123 604 1182 si
616 1143 675 1184 non
684 1124 763 1197 sint,

105 1200 142 1261 ali
158 1221 173 1263 e
189 1199 339 1284 ‘unipero,
357 1199 510 1285 cupreslo,
530 1200 651 1265 laburno
660 1246 672 1275 ,
685 1202 764 1264 sam·

84 1222 170 1344 luco.
187 1222 379 1365 lieliquorum
401 1302 540 1365 generum
564 1280 647 1345 sudes
665 1284 765 1345 omni·

84 1362 137 1423 bus
156 1365 235 1424 annis
252 1363 427 1427 reciduntur.
444 1360 633 1424 saluberrima
650 1360 765 1446 injugo

57 1482 62 1491 ·
84 1444 200 1514 arundo·
220 1464 352 1505 connexa
383 1441 547 1516 fasciculis,
566 1444 650 1507 durat
670 1446 766 1525 quinis

84 1526 173 1585 annis.
191 1522 267 1586 Cim
286 1523 436 1586 breviores
459 1524 593 1606 palmites
617 1521 766 1587 sarmento

82 1601 237 1688 junguntur
254 1608 329 1666 inter
347 1602 376 1666 se
397 1603 509 1666 funium
522 1604 615 1671 modo
624 1647 638 1677 ,
655 1625 693 1668 cx
704 1605 765 1671 hoe

82 1706 165 1747 arcus
183 1684 280 1748 funeta
297 1685 439 1747 dicuntur.

85 1833 91 1842 ,
119 1765 344 1830 Tertiusvineae
352 1788 442 1830 annus
456 1766 608 1849 palmitem
623 1766 761 1834 velocem

82 1846 289 1931 robustumque
308 1850 437 1923 emittit,
454 1851 487 1911 lit
500 1870 589 1933 quern
605 1846 676 1911 facit
691 1867 766 1916 atas

82 1930 183 1993 vitem.
202 1927 308 1990 Hicin
325 1926 425 2011 jugum
440 1930 536 1990 insilit.
552 1928 765 2067 Puidamtunc

80 2027 227 2073 ercaecant
238 2008 306 2070 eum
314 2052 324 2081 ‚
333 2008 432 2091 supini
440 2008 513 2070 falce
522 2030 558 2069 au
571 2010 681 2071 erendo
691 2031 764 2071 ocu·

81 2089 142 2168 los,
157 2107 188 2151 ut
203 2092 317 2172 longius
329 2105 470 2162 evocent,
480 2088 568 2149 noxii
577 2087 688 2170 injurii.
701 2088 764 2154 Uti·

80 2169 131 2234 lior
153 2171 232 2232 enim
250 2166 428 2230 consuetudo
453 2168 600 2248 pariendi,
626 2166 765 2248 futilisque

78 2255 237 2336 pampinos
256 2246 395 2329 adjugatae
411 2247 581 2329 detergere,
599 2245 686 2330 usque
704 2250 767 2328 quo

78 2334 198 2414 placeat
214 2330 344 2391 roborari
362 2347 434 2388 eam.
451 2323 523 2387 Sunt
533 2330 583 2407 qui
592 2344 693 2388 vetant
700 2344 762 2388 tan·

81 2416 108 2496 gi
126 2413 268 2497 proximo
284 2429 361 2470 anno
424 2407 470 2470 im
491 2406 620 2468 transsata
643 2409 695 2467 sit:
711 2427 765 2469 ne·

82 2514 137 2575 que
159 2509 229 2554 ante
247 2508 301 2553 Lx.
322 2510 371 2551 me
403 2511 451 2551 ern
471 2487 545 2550 falce
568 2489 676 2549 curari:
694 2503 764 2554 tunc

79 2575 181 2637 autem
205 2573 240 2634 ad
263 2589 321 2634 tres
335 2568 765 2656 gemmasrecidi.Alii&pro·

81 2658 161 2718 ximo
187 2653 304 2735 quidem
321 2674 397 2715 anno
416 2652 571 2722 recidunt,
586 2648 637 2712 sed
651 2667 684 2710 ut
700 2665 765 2711 ter-

82 2740 137 2800 nos
154 2733 344 2818 quaternosve
355 2735 473 2817 singulis
484 2735 565 2795 annis
575 2729 710 2811 adjicient
719 2750 769 2790 ar·
782 2740 785 2745 '

83 2817 213 2903 riculos,
224 2833 325 2898 quarto
346 2815 465 2880 demun
482 2812 644 2898 perducant
663 2809 766 2906 ³41²}
