1975 3575
272 263 338 314 122
389 238 425 308 C.
450 237 628 309 Prrurr
651 238 837 308 Nrrun.

257 362 293 439 'ci
311 357 404 419 mellis
420 356 637 418 similitudinem
654 355 750 416 habet.
764 352 880 437 Cypria
889 373 933 416 an·

228 484 232 492 -
265 440 374 500 recedit
392 459 514 499 ornnes:
532 435 573 497 est
592 454 691 497 aurern
710 434 820 513 melleo
831 435 932 511 colore,

266 517 395 579 carnosa.
416 516 604 598 Colophonia
614 533 718 599 praeter
729 534 840 577 ceteras
850 515 932 576 fulva:

266 602 293 661 si
311 615 445 674 teratur,¹
456 599 520 659 alba
530 595 564 658 fit
572 641 584 669 ,
598 601 714 680 gravior
730 598 845 662 odore:
860 597 896 659 ob
909 594 933 655 id

265 701 331 742 non·
347 697 465 741 utuntur
480 678 516 740 ei
533 680 720 760 unguentarii.
741 676 777 738 ln
792 677 864 739 Asia
881 696 932 759 qna

267 760 302 823 fit
314 781 330 821 e
344 762 443 843 picei,
453 760 613 821 admodum
622 758 763 829 candida,
779 757 933 841 spagasro·

267 858 358 903 catur.
369 840 478 902 Resina
495 842 589 901 omnis
607 838 765 900 diffolvitur
783 841 862 900 oleo.
873 837 933 919 Qui·

266 924 336 984 darn
353 923 386 984 &
398 921 476 983 creti
485 920 648 1004 figlinarum
664 919 721 980 hoc
738 918 804 980 fieri
816 921 933 980 arbitran-

266 1020 323 1069 tur.
339 1002 489 1085 Pudetque
501 1000 649 1070 confiteri,
659 1002 819 1067 maximum
830 999 934 1082 jarnhe

266 1103 372 1144 norem
383 1081 446 1161 ejus
461 1080 518 1148 effe
526 1085 559 1167 in
576 1080 736 1145 evellendis
746 1083 933 1147 virorumcrr·

156 1239 158 1241 Ι
261 1164 335 1245 pori
352 1163 431 1244 pilis.v

259 1293 263 1303 .
310 1241 398 1303 Ratio
411 1261 510 1305 autent
528 1242 684 1309 condiendi
695 1241 844 1317 musta,in
855 1242 933 1325 prino

267 1321 405 1398 fervore,
421 1327 472 1408 qui
481 1338 592 1386 novem
603 1325 704 1385 diebus
714 1326 783 1384 cirm
796 1325 933 1407 plurimun

269 1408 435 1487 peragitur,
456 1403 593 1485 adspersu
611 1407 699 1486 picis,
721 1423 754 1464 ut
782 1407 859 1466 odor
875 1405 931 1464 vino

269 1489 433 1565 contingat,
457 1487 489 1546 ὅ(
510 1482 537 1544 sa
559 1486 617 1545 oris
646 1485 780 1566 quaedam
811 1487 934 1547 acumina.

261 1562 481 1626 ‚Vehementius
490 1564 521 1625 id
531 1506 593 1626 tieri
612 1567 781 1627 arbitrantur
799 1564 933 1628 crudoflo·

270 1665 304 1705 re
322 1647 446 1720 resina,
461 1648 636 1786 excitaripue
649 1647 808 1709 lenitatem.
818 1647 844 1708 E
854 1647 934 1706 diver·

271 1724 305 1784 so
327 1725 444 1807 crapuli
472 1747 578 1810 compe
592 1730 619 1788 ci
649 1725 792 1790 feritatem
812 1729 932 1796 nimiam,

270 1804 421 1888 frangique
437 1807 542 1868 'virusz
557 1826 605 1869 aut
622 1809 672 1869 ubi
693 1811 773 1891 pigra
782 1809 881 1869 lenitas
889 1824 933 1867 trt-

213 1964 215 1968 Ι
266 1889 444 1969 peat,virus
455 1888 532 1949 addi.
549 1888 672 1971 Liguriae
685 1888 934 1951 r’naxime‘Circurn·

270 1966 447 2050 padanisque
464 1968 564 2031 mustis
581 1970 706 2052 crapulae
727 1970 833 2032 utilitas
850 1967 934 2030 discen

269 2050 349 2109 nitur
368 2050 426 2109 hoc
444 2050 554 2111 ruodo:
576 2051 754 2133 pugnacibus
768 2051 868 2112 mustis
886 2068 934 2108 cra·

271 2129 348 2211 pulae
363 2128 428 2212 plus
446 2131 579 2203 inditur,
600 2130 712 2192 lenibus
734 2134 859 2214 parcius·
876 2128 934 2190 Sunt

271 2212 370 2293 quiex
379 2228 503 2294 utroque
513 2212 624 2274 condiri
637 2212 744 2273 velint:
754 2233 870 2274 necnon
878 2208 934 2279 aiii,

271 2312 339 2372 quae
358 2290 399 2353 est
416 2291 518 2365 musti,
530 2293 594 2374 pice
611 2295 643 2355 &
658 2292 769 2355 naturai.
779 2293 934 2373 Vitiumque

271 2370 367 2432 musto
388 2371 557 2455 quibusdam
578 2375 609 2433 in
630 2374 702 2434 locis
722 2375 828 2434 iterum
846 2372 934 2454 sponte

269 2450 402 2513 fervere:
415 2453 472 2533 qui
481 2453 640 2515 calamitate
650 2454 763 2535 deperit
772 2453 872 2537 sapor,
881 2471 936 2531 vap·

271 2552 376 2673 paeque
395 2534 500 2614 accipit
517 2555 644 2609 nomen,
664 2534 837 2618 probrosum
863 2534 935 2595 etiam

294 2613 442 2687 ominum,
453 2616 521 2674 cirnt
541 2614 726 2696 degeneravit
737 2613 936 2676 animus.Ace·

271 2695 295 2753 ti
316 2694 395 2754 enirn
411 2696 545 2777 nequitiae
565 2694 638 2757 inest
656 2698 750 2758 virtus
774 2714 894 2779 magnos
907 2688 936 2750 ad

268 2769 355 2866 usus,
372 2774 407 2837 &
426 2776 487 2858 sine
508 2778 589 2859 queis
609 2778 670 2843 vita
689 2778 787 2842 mitior
806 2777 875 2860 degi
887 2788 936 2835 neu

266 2869 370 2932 possit.
890 2863 894 2871 '

552 2955 576 2998 s
