1975 3575
184 237 294 309 Hrs
311 247 419 335 ron.
432 241 507 311 Lib.
525 241 654 315 XVIII.
678 189 680 202 Ι
703 267 778 341 439

80 355 168 419 scribi
189 357 308 420 circulo
327 379 440 439 parvo,
459 363 508 443 qui
535 379 657 424 vocetur
682 365 781 425 umbi·

47 514 50 518 1
80 436 165 501 licus.
188 437 279 518 Quae
298 461 363 520 pars
382 439 468 500 fuerit
486 464 503 501 a
523 445 632 503 vertice
651 445 779 522 umbrae,

80 519 144 580 lraec
165 522 226 580 erit
251 538 360 580 ventus
380 519 628 603 septemtrionalis.
640 521 693 585 Illo
703 527 777 601 tibi,

80 617 226 680 putator,
250 601 389 661 arborum
407 602 498 685 plagae
519 624 557 663 ne
576 601 716 683 spedicunt,
728 626 777 667 nea

80 700 119 741 ve
135 680 262 742 arbusta
285 684 436 755 vineaeve,
454 685 509 742 nisi
524 685 554 743 In
572 682 694 756 Africa,
715 685 782 767 ey·

80 764 180 835 renis,
192 762 345 845 AEgypto.
358 761 439 824 Illinc
447 764 534 824 flante
545 784 581 824 ne
596 782 693 836 arato,
704 785 781 846 quae-

80 861 140 921 que
156 843 216 902 alia
232 845 429 924 precipimus.
449 843 529 924 Quae
567 866 611 905 ars
624 845 782 906 lineaefue·

80 924 119 982 rit
135 943 153 981 a
172 922 308 1005 pedibus
329 866 615 999 umbrae,meridlem
633 924 781 1006 spellam,

80 1001 143 1062 haec
157 1022 294 1065 ventum
304 1001 443 1064 Austrum
455 1005 550 1079 dabit,
582 1026 651 1065 uem
663 1027 680 1065 a
691 1006 778 1069 Grae·

81 1084 123 1143 cis
140 1082 268 1146 Notum
289 1083 411 1144 diuitnus
430 1089 537 1146 vocari.
555 1084 568 1145 1
592 1089 636 1147 'nc
647 1087 715 1146 flatu
730 1095 783 1147 ve·'

79 1164 183 1226 niente
195 1210 209 1237 ,
232 1167 389 1225 materiam
410 1167 584 1247 vineamque
602 1188 618 1226 a
639 1168 728 1228 ricola
738 1186 777 1228 ne

78 1243 197 1308 trades.
219 1245 372 1306 Humidus
392 1263 442 1306 aur
464 1244 600 1310 aestuosus
619 1188 708 1308 ltaliae
725 1245 779 1308 est.

80 1322 193 1387 Africae
226 1326 353 1408 quidem
382 1327 517 1387 incendia
535 1347 603 1386 cum
626 1326 778 1390 serenitate

80 1405 189 1469 adfert.
209 1406 252 1467 In
271 1407 346 1468 hunc
366 1406 454 1467 ltaliae
476 1407 609 1488 palmites
626 1407 774 1490 spedent,

45 1529 47 1532 -
82 1484 218 1549 sednon
242 1488 335 1570 plagae
351 1487 487 1548 arborum
513 1489 668 1550 vitiumve
689 1489 776 1551 Hunc

83 1567 193 1630 oliveti
230 1586 357 1629 metator
382 1567 577 1650 Vergiliarum
606 1570 779 1652 quatriduo,
810 1645 813 1650 y

82 1645 162 1710 hunc
181 1667 290 1710 caveat
310 1650 412 1709 insitor
437 1649 580 1722 calamis,
600 1649 778 1733 gemmisque

83 1729 265 1793 inoculator.
283 1728 333 1792 De
343 1731 406 1812 ipsi
415 1751 447 1792 re
468 1732 542 1792 ‘onis
553 1728 613 1811 ejus
624 1731 779 1814 hordprae·

82 1809 237 1870 monuill'e
256 1813 421 1880 conveniet,
461 1813 584 1873 rondenr
600 1813 697 1875 medit
709 1813 777 1887 die,

83 1891 264 1960 arborator,
278 1911 314 1950 ne
328 1893 442 1954 caedito.
464 1893 544 1955 Cum
556 1896 709 1956 meridiem
724 1895 777 1955 ad·

83 1966 149 2028 esse
169 1965 310 2041 senties‚-
335 1969 423 2041 astur,
441 1972 536 2032 aestate
548 1976 735 2036 contrahente
747 1974 776 2035 se

84 2048 219 2120 umbra,
253 1991 373 2108 crudem
391 2071 407 2109 a
426 2049 496 2111 Sole
514 2054 545 2110 in
564 2073 655 2133 opaca
669 2057 779 2136 cogito.

34 2134 35 2137 ’
85 2127 173 2190 Cum
196 2068 295 2189 aedate
312 2127 423 2210 pasces,
440 2133 471 2190 in
488 2132 670 2194 occidentem
683 2133 777 2214 specle

85 2228 158 2270 ante
170 2208 342 2281 meridiem,
351 2207 415 2291 post
422 2211 574 2270 meridiem
582 2215 611 2271 in
619 2215 780 2273 orientem:

87 2290 175 2351 aliter
194 2292 333 2365 noxium,
348 2292 420 2350 sicut
439 2291 683 2367 bleme-&vcre‚
704 2293 728 2352 si
748 2294 778 2352 in

87 2371 275 2437 rorulentum
285 2372 415 2433 duceres.
430 2369 477 2431 Ne
487 2389 588 2433 contra
596 2371 779 2454 septemtrio·
825 2413 827 2417 -

77 2453 162 2512 'nem
190 2454 305 2533 peveris
332 2450 533 2593 supradillum.
566 2451 696 2514 Clodunt
715 2454 778 2527 ita,

134 2534 353 2613 piuntveabad
376 2549 442 2608 atu,
461 2533 572 2595 &alvo
581 2533 637 2594 citri
646 2550 777 2614 pereunt.

91 2553 159 2690 (lut
178 2612 300 2676 feminas
317 2616 433 2696 concipi
451 2614 556 2685 voles,
573 2616 603 2677 in
619 2615 777 2677 huncven·

92 2708 157 2752 tum
181 2693 197 2753 s
214 2694 336 2757 edantes
362 2697 428 2755 iniri
445 2700 554 2779 cogito.

66 2772 71 2777 ’
107 2772 112 2777 ’
250 2774 288 2840 11.
301 2797 349 2859 34.
367 2776 503 2861 Diximus
522 2793 554 2840 ut
571 2777 610 2919 ir}
622 2775 720 2872 medii
742 2774 777 2838 Ii·

623 2879 656 2919 ιν
