1975 3575
185 201 517 341 ‚Hirro-igin,
539 238 636 321 xvr.
694 259 762 342 245

112 358 154 421 'ns
164 361 295 429 veniret,
313 359 484 441 excogitare
499 357 562 418 sunt
573 360 605 421 ἃ
616 359 683 440 ligni
698 360 765 421 bra·

85 462 101 519 g
118 461 167 501 eae.
184 439 248 501 Nec
268 438 353 498 saris:
370 458 488 519 coepere
498 440 587 520 tingui
598 440 762 501 animalium

91 541 208 592 cornua,
226 519 328 580 dentes
349 516 461 581 secari:
486 518 651 600 lignumque
669 522 761 582 ebore

90 597 231 682 distingui,
245 620 318 660 mox
334 600 450 680 operiri.
461 598 572 659 Placuit
583 598 686 660 deinde
701 621 764 662 rna·

91 682 187 741 reriatn
206 681 286 749 &in
307 681 379 740 mari
397 681 496 760 quaeri.
515 677 647 741 Testudo
659 681 689 738 in
706 680 764 742 hoc

91 757 169 820 tear.
186 759 345 841 Nuperque
367 760 543 840 portentosis
557 761 678 842 ingeniis
687 762 766 841 prin·

89 840 178 919 cipatu
207 839 335 900 Neronis
356 842 527 915 inventurn,
552 857 584 900 ut
606 842 766 922 'pigmentis

90 919 218 999 perderet
232 918 276 992 se,
316 918 439 1001 lurisque
463 921 577 980 veniret
597 922 707 981 inritata
730 920 765 979 li·

88 1019 181 1141 Enurn.
193 999 240 1060 sic
253 942 334 1060 leiiis
342 1001 435 1079 pretia
443 990 607 1080 quaerflntur
617 1020 624 1059 ε
636 1002 676 1060 sic
688 1017 765 1060 tere·

108 1081 213 1140 inritum
231 1082 311 1140 vinci
331 1077 451 1158 jubent,
470 1081 510 1140 sic
527 1081 629 1140 citrum
652 1081 765 1219 [iterio-

89 1160 140 1219 rius
159 1158 241 1231 fieri,
262 1162 303 1220 sic
319 1180 386 1219 acer
406 1159 513 1238 decipi.
532 1159 629 1222 Modb
664 1163 765 1222 uxuria

88 1259 143 1300 non
171 1238 264 1300 fuerat
294 1256 432 1300 contenta
461 1239 561 1322 ligno:
578 1238 636 1321 jatn
652 1241 762 1324 lignum

89 1322 160 1381 enirn
178 1342 196 1381 e
214 1319 356 1381 testudine
375 1318 458 1380 facin.

122 1399 270 1463 LXXXV.
293 1421 343 1478 44.
359 1398 429 1462 Vita
451 1399 590 1462 arborum
619 1413 758 1483 quarumi

88 1479 147 1558 dam
165 1479 304 1542 immensa
329 1481 408 1542 credi
427 1479 543 1562 potest,
563 1483 587 1541 si
607 1484 671 1564 quis
692 1503 763 1563 pro·
795 1530 798 1533 .

87 1557 166 1633 funda
186 1562 288 1622 mundi
308 1562 341 1623 &
360 1559 444 1621 saltus
461 1560 617 1622 inaccessos
639 1565 762 1656 cogitet.

88 1637 191 1703 vestm
212 1663 250 1703 ex
267 1642 312 1702 his
338 1662 407 1721 quas
435 1644 577 1703 memoria
608 1641 760 1705 hommum

87 1719 216 1796 custodit,
232 1722 334 1783 durant
341 1724 371 1781 in
379 1722 526 1784 Liternino
538 1720 667 1783 Africani
683 1727 760 1805 prio·

84 1802 119 1860 ris
138 1825 225 1863 manu
245 1802 311 1863 satae
324 1804 421 1865 olivae.
439 1802 514 1865 Item
526 1821 639 1886 myrtus
649 1805 757 1868 eodem

87 1879 147 1944 loto
164 1882 327 1964 conspicua
342 1884 554 1967 magnitudinis.
573 1882 676 1946 Subest
688 1885 756 1969 spe·

86 1980 145 2035 cus,
162 1967 194 2025 in
234 1986 272 2025 uo
300 1984 398 2024 manes
419 1961 480 2043 ejus
503 1962 646 2026 custodire
669 1966 759 2027 draco

85 2044 207 2105 raditur.
248 2065 323 2105 ornae
335 2045 407 2105 verb
417 2043 494 2105 lotos
505 2047 534 2103 in
545 2043 659 2105 Lucinae
669 2048 755 2120 atei,

85 2141 151 2183 anno
172 2127 223 2207 qui
233 2124 286 2184 fuit
292 2125 353 2182 sine
362 2122 570 2204 magistratibus
582 2142 756 2187 cccrxxtx.

84 2198 182 2277 Urbis,
197 2205 262 2266 aede
285 2202 420 2275 conditi,
432 2204 573 2262 incertum
593 2204 654 2284 ipsa
670 2226 757 2286 quan·

84 2281 112 2341 rb
124 2284 274 2346 vetustior.
284 2280 349 2343 Effe
366 2281 484 2364 quidem
495 2280 685 2342 vetustiorem
695 2305 756 2345 non

84 2353 277 2437 etiannum,
297 2364 364 2423 cinn
381 2353 417 2422 ab
433 2382 470 2422 eo
487 2361 555 2422 luco
580 2361 688 2422 Lucina
705 2384 756 2423 no·
852 2406 860 2421 ,

83 2443 199 2506 minetur
209 2468 217 2505 z
229 2446 291 2505 haec
306 2464 382 2503 nunc
394 2443 507 2504 circiter
520 2463 627 2502 annum
643 2460 757 2508 ccccx..
802 2475 806 2480 ’

82 2516 170 2585 haber.
195 2524 351 2606 Antiquior
370 2523 419 2584 illa
437 2521 499 2598 est,
514 2521 562 2584 sed
574 2521 754 2600 incertaejus

83 2616 163 2675 eras,
181 2626 245 2685 quae
262 2605 392 2686 capillata
408 2603 511 2667 dicitur
522 2606 681 2687 ,quoniam
690 2603 755 2680 Ve7

82 2673 187 2742 staliurn
203 2686 247 2743 vir
266 2688 344 2745 inum
353 2685 472 2766 capillus
487 2684 523 2745 ad
537 2705 603 2745 eam
613 2683 752 2756 defertur,

95 2827 101 2832 .
117 2758 227 2827 LXXX
272 2807 282 2827 .
305 2764 419 2828 Veritm
437 2766 527 2828 altera
546 2765 629 2909 qus'
637 2767 667 2827 in
677 2764 752 2828 Vul-

601 2868 630 2928 ll]
