1975 3575
197 187 406 265 Hieron.
425 192 499 268 Lib.
526 194 658 273 XVIII.
704 204 776 300 ‘445

96 309 188 372 llrum
207 331 349 396 :utraque
368 314 462 390 rebla,
480 315 596 378 nollem
616 318 776 382 ventosam.

94 391 128 453 Si
149 410 278 474 quartam
301 395 379 456 orbis
395 395 493 456 rutilus
512 399 557 457 tin
576 401 614 474 it,
625 403 778 463 ventos&

93 472 207 533 imbres
218 475 416 555 praemonebit.
438 474 529 558 Apud
548 419 709 545 &arronem
734 482 777 542 ita

93 550 197 615 estzsi
213 571 316 635 quarto
335 556 381 616 die
399 556 482 617 Luna
504 557 558 618 erit
577 558 700 635 ditabat,
711 581 775 622 ma·

64 630 69 642 ’
91 653 184 717 gnam
202 633 402 716 tempestatem
420 639 450 696 in
472 638 545 696 mari
563 635 777 779 praesagietmi·

37 781 38 786 ἵ
91 717 117 775 si
133 715 161 775 si
177 734 317 776 coronam
347 719 422 776 circa
442 716 471 777 se
490 718 565 779 habe
586 721 633 793 it,
658 720 691 782 δι
711 740 776 782 eam

90 797 256 858 sinceram:
276 799 413 877 quoniam
428 798 479 859 illo
505 799 597 861 modo
620 820 681 859 non
709 815 778 861 ante

90 875 213 959 plenam
232 875 341 937 Lunam
370 879 561 939 hiematurum
588 877 722 962 ostendit.
745 877 777 944 Si

88 956 255 1039 plenilunio
277 977 329 1037 per
349 957 498 1019 dimidium
519 963 684 1039 putarent,
711 960 776 1021 dies

88 1036 214 1098 serenos
228 1035 413 1119 significabit:
426 1041 450 1100 si
468 1040 568 1112 rutila,
580 1057 685 1101 ventos
701 1063 709 1102 ε
729 1042 776 1101 ni·

85 1110 244 1201 grestem,
261 1118 378 1179 imbres.
398 1116 429 1179 St
446 1119 540 1201 caligo
561 1119 639 1181 orbis
664 1121 777 1182 nubem

87 1197 256 1273 incluserit,
267 1215 372 1259 ventos
379 1243 391 1271 ,
401 1199 458 1280 qua
469 1198 497 1259 se
509 1201 617 1281 ruperit
628 1220 637 1260 t
651 1203 675 1261 si
685 1203 777 1284 gerni·

88 1283 120 1341 ni
148 1278 239 1340 orbes
267 1281 426 1351 cinxerint,
443 1278 588 1360 majorem
616 1279 777 1362 tempesta-

89 1377 167 1422 tem.
186 1358 223 1420 Et
242 1362 351 1442 magis,
369 1361 393 1420 si
412 1376 471 1421 tres
491 1378 593 1435 erunt,
616 1378 665 1423 aut
679 1363 777 1445 nigri,

87 1442 248 1522 interrupti
264 1455 349 1521 atque
370 1439 502 1502 distracii.
522 1439 647 1503 Nascens
673 1442 777 1518 Luna,

75 1524 114 1583 ·si
132 1542 226 1584 cornu
257 1518 403 1600 superiore
430 1521 563 1582 obatrato
582 1520 694 1605 surget,
709 1524 777 1604 plu·

87 1599 776 1686 viasdecrescensdabit:siinferiore,anreple⁴

87 1684 256 1745 nilunium:
278 1684 302 1742 si
320 1684 350 1742 in
366 1683 462 1743 medii
479 1685 591 1766 nigritia
610 1684 658 1746 illa
669 1683 773 1762 fuerit,

86 1765 218 1827 imbrem
233 1766 263 1824 in
280 1762 447 1846 plenilunio.
460 1762 489 1827 Si
502 1764 586 1846 plena
595 1767 670 1829 circa
680 1764 708 1828 se
723 1766 776 1828 ba·

86 1844 178 1907 bebit
187 1844 350 1917 orbem,ex
359 1846 415 1928 qul
423 1865 502 1927 parte
512 1849 535 1907 is
545 1848 669 1909 maxime
678 1846 774 1929 splen·

87 1927 197 1992 debit,
218 1944 255 1983 ex
276 1924 312 1981 ei
333 1943 453 1984 ventum
472 1925 613 1987 ostendet.
626 1926 657 1988 Si
667 1931 697 1987 in
706 1946 774 1990 ortu

88 2023 206 2068 cornua
223 2003 361 2064 crassiora
373 2002 491 2075 fuerint,
504 2005 651 2065 horridam
662 2023 775 2090 tempe·

89 2085 212 2148 statem.
239 2079 270 2141 Si
284 2098 350 2143 ante
367 2099 495 2164 quartam
516 2105 576 2145 non
592 2092 774 2167 apparuerit,

88 2182 187 2229 vento
206 2163 340 2225 Favonio
359 2163 604 2243 flantelhiemalis
620 2182 684 2227 toto
695 2187 777 2226 men·

89 2247 122 2309 fe
144 2247 208 2306 erit.
226 2241 256 2303 Si
271 2241 465 2304 sextadecima
475 2243 677 2307 vehementius
693 2246 776 2306 flam·

89 2347 160 2390 mea
173 2325 357 2407 apparuerit,
373 2322 484 2404 asperas
501 2322 685 2403 tempestates
701 2348 776 2407 prae·

52 2410 56 2431 ¹
88 2408 192 2489 sagien
213 2403 286 2465 Sunt
305 2406 338 2466 δι
355 2407 444 2487 ipsius
460 2403 548 2465 Lunae
563 2404 628 2465 otlo
644 2407 776 2483 articuli,'

90 2488 210 2571 quoties
228 2487 258 2545 in
273 2486 392 2567 angulos
407 2482 482 2545 Solis
502 2485 620 2559 incidit,
631 2483 774 2570 plerisque

89 2572 170 2630 inter
194 2587 244 2627 eos
270 2569 380 2627 tantiam
401 2564 617 2628 observantibus
640 2565 779 2652 praestrgia¹

91 2647 178 2730 ejus,
196 2646 252 2706 hoc
270 2646 327 2721 est,
343 2649 446 2721 tertia,
462 2646 774 2733 septima‚undecirnaQ

92 2727 325 2810 quintadecima,
340 2728 553 2802 nonadecima,
574 2730 774 2813 vigesimater-

90 2812 135 2880 tia
154 2805 431 2891 vigesimaseptima,
451 2808 696 2876 &interlunium
