1975 3575
241 286 447 359 Hieron.
472 288 545 360 Lib.
570 286 664 363 XIII.
713 314 759 385 45

71 421 159 467 erunt
167 401 304 465 fruticum
312 450 324 478 ,
335 406 370 466 ad
378 405 504 489 praesens
518 409 681 472 nominibus
696 428 759 473 tan·

73 489 135 548 rum
154 486 373 549 indicabuntur:
387 504 488 549 natura
504 492 578 551 vero
591 509 691 552 eorum
701 492 758 555 suia

74 567 217 629 reddetur
238 566 321 628 locis.

114 646 153 709 H.
182 648 232 710 Un
273 650 344 709 entis
374 650 550 789 topnontina
573 650 680 713 dedite
700 654 759 717 aliis

70 730 275 870 griffi
292 726 759 875 si‘ii’iiiiiii‘eiiifiiiii‘

70 908 135 952 tam
155 830 370 964 auuoridiem,
384 892 417 953 &
436 890 538 972 saepius
553 859 684 955 transisse
719 896 761 955 lo·

71 974 158 1031 riam.
170 969 412 1032 laudatissimum
422 968 475 1033 fuit
488 975 646 1054 antiquitus
657 976 687 1034 in
698 914 760 1035 sse-

71 1052 104 1113 lo
125 1049 234 1113 insuld:
250 1050 350 1134 postea
369 1050 563 1114 Mendesium.
579 1052 643 1115 Nec
653 1057 759 1117 mixtu·

71 1131 107 1193 ra
123 1133 158 1194 δι
181 1131 395 1213 compositione
421 1135 534 1194 tantiam
553 1134 611 1195 hoc
631 1136 756 1198 accidit:

70 1212 126 1275 sed
136 1211 226 1274 iidem
234 1212 309 1273 succi
320 1213 399 1274 varie
407 1213 474 1274 alibi
483 1215 520 1274 ad
550 1213 666 1276 uaelibet
678 1238 758 1298 prae·

70 1295 211 1368 valuere,
225 1311 275 1355 aut
290 1294 515 1376 degeneravere.
529 1236 642 1356 <irinum
654 1293 759 1357 Corin-

72 1374 118 1436 thi
145 1375 198 1435 diu
217 1376 342 1435 maxime
362 1374 492 1457 placuit,
512 1373 613 1455 postea
633 1372 757 1457 Cyzici:

74 1455 163 1516 simili
178 1456 271 1516 modo
285 1455 439 1516 rhodinum
458 1454 583 1518 Phaseli:
622 1476 689 1516 uam
698 1457 758 1539 glo·

73 1538 148 1597 riam
160 1535 304 1597 abstulere
315 1535 468 1617 Neapolis,
479 1477 759 1619 Capuajraenestea

73 1613 239 1680 Cro'cinum
247 1619 277 1678 in
289 1614 363 1678 Solis
378 1616 490 1679 Ciliciae
502 1618 552 1677 diu
565 1618 689 1678 maxime
702 1620 759 1679 lau·

73 1698 194 1769 datum,
205 1719 275 1759 mox
291 1696 398 1760 Rhodi.
418 1694 637 1760 Oenanthinum
649 1700 679 1758 in
693 1696 757 1781 Cy·
807 1753 810 1760 .

73 1801 147 1921 pro,
167 1777 270 1864 postea
286 1778 492 1861 Adramytteo.
508 1779 714 1842 Amaracinum
727 1782 756 1843 in

70 1859 757 2024 iiii‚Pistyessiiiimri'‘iiiiifflmiiriii‘ii

71 2021 230 2105 AEgypto,
252 2021 300 2083 ubi
324 2022 512 2083 Mendesium
532 2023 566 2084 &
584 2021 754 2105 Metopium

72 2101 173 2165 subito
188 2104 292 2186 gratius
306 2100 411 2167 fadum
431 2102 482 2164 est.
503 2102 579 2163 Mox
593 2100 759 2165 haecabstu·

73 2183 108 2244 lit
129 2183 284 2257 Phoenice,
304 2184 470 2264 &cyprini
490 2183 606 2244 laudem
623 2184 758 2266 AEgypto
810 2238 813 2245 .

73 2264 201 2347 reliquit.
217 2263 449 2326 Panathenaicon
466 2261 547 2322 suum
556 2262 680 2322 Athenae
692 2283 762 2344 per-q

73 2345 239 2408 severanter
257 2346 418 2407 obtinuere.
433 2341 538 2403 Fuerat
552 2343 584 2403 δι
596 2341 758 2403 Pardaliunt

74 2427 106 2485 in
119 2425 231 2488 Tarso:
251 2424 340 2507 cujus
350 2427 439 2486 etiam
448 2424 626 2505 compositio
643 2424 676 2484 &
689 2424 760 2483 mix·

74 2525 141 2567 tura
157 2507 309 2569 obliterata
323 2504 376 2566 est.
386 2505 584 2567 Narcissinum
592 2522 712 2588 quoque
722 2523 760 2565 ex

75 2587 152 2651 flore
168 2586 287 2649 narciiio
308 2586 393 2647 desiit
409 2589 557 2666 componi.

117 2668 206 2730 Ratio
225 2666 350 2729 faciendi
370 2667 498 2746 duplex:
512 2666 632 2737 succus,
648 2665 681 2727 &
692 2685 759 2726 cor·

75 2770 140 2830 pus.
156 2748 212 2810 Ille
234 2748 295 2808 olei
312 2747 464 2830 generibus
483 2745 545 2808 fere
564 2743 758 2821 constat‚hoc

74 2830 213 2894 odorum.
241 2828 314 2891 Haec
331 2826 485 2909 stymmata
494 2842 620 2905 vocant,
638 2827 687 2889 illa
703 2826 759 2891 he·
