1975 3575
217 205 526 329 ilrsrontLib.
555 251 650 329 xm.
699 277 744 354 73

70 373 204 458 crispius,
222 394 279 435 nec
309 373 428 434 aliunde
454 376 625 454 pretiosiora
645 397 748 458 opera.

70 455 241 535 Praecipuam
257 471 355 515 autem
377 452 434 514 ell'e
454 473 520 515 eam
540 457 672 517 arborem
690 459 748 517 cit·

71 558 104 597 ea
120 536 286 596 Hammonis
305 534 477 595 delubrum:
494 534 570 595 nasci
587 538 619 597 ὃ(
632 536 747 598 ininfe-

66 620 147 691 hriote
160 614 339 697 ¹Cyrenaicae
358 632 448 697 parte.
470 613 521 675 De
535 618 640 676 mensis
649 634 746 679 tamen

66 699 174 758 saeuit:
194 698 227 758 &
243 694 312 755 aliis
330 695 436 756 nullius
448 712 517 756 ante
527 694 748 759 Ciceronianam

70 774 205 838 vetustior
217 777 361 837 memoria
382 774 443 847 est,
464 796 532 859 quae
560 779 673 838 novitia
695 771 748 860 ap'-

92 874 160 917 aret.
244 887 248 894 ·

72 878 91 993 ¹.)
109 935 216 998 XXXI.
239 935 309 997 Alia
320 933 362 997 est
373 935 460 997 arbor
478 937 588 998 eodem
605 939 748 1013 nomine,

70 1018 173 1079 malum
188 1017 284 1078 ferens
304 1015 482 1076 exsecratum
494 1017 636 1099 aliquibus
652 1019 749 1081 odore

64 1101 104 1166 ,dt
122 1097 331 1171 amaritudine,
348 1098 409 1159 aliis
437 1100 619 1176 expetitum,
640 1099 749 1160 domos

72 1181 154 1240 eriam
174 1179 334 1251 decorans,
349 1198 402 1238 nec
416 1176 540 1238 dicenda
554 1180 715 1242 verbosius.

79 1294 84 1300 ·
109 1257 233 1321 XXXII.
260 1278 307 1338 17.
331 1256 442 1317 Eadem
459 1257 573 1332 Africa,
582 1260 640 1340 qua
652 1263 751 1343 vergit·

72 1339 106 1401 ad
124 1362 196 1416 nos,
210 1340 355 1421 insignem
382 1336 517 1398 arborem
535 1337 617 1399 loton
639 1342 749 1421 gignit,

63 1441 153 1502 ,quam
173 1438 284 1482 vocant
304 1419 409 1489 celtin‚
428 1415 572 1499 &ipsam
593 1417 681 1479 Italiae
706 1419 750 1479 fa-

71 1503 231 1575 miliarem,
250 1499 301 1561 sed
329 1498 406 1559 tetri
433 1514 580 1559 mutatam.
602 1498 750 1582 Praecipua

72 1580 110 1642 est
126 1585 201 1643 circa
220 1579 323 1663 Syrtes
334 1596 419 1660 atque
437 1577 623 1641 Nasamonas.
633 1580 685 1640 Ma
725 1584 751 1660 i·

72 1662 160 1736 tudo,
178 1682 243 1744 quae
262 1662 345 1743 piro:
363 1680 536 1801 Quamquam
554 1659 658 1801 ΝεΙΡοε
671 1601 750 1722 ἂν.

73 1743 160 1804 nelius
181 1744 305 1805 brevem
325 1757 367 1801 tra
388 1742 419 1801 it.
442 1738 576 1802 Incisurae
604 1741 666 1804 olio
683 1763 750 1805 cre·

73 1824 205 1902 briones,
223 1844 291 1905 quae
312 1823 383 1882 ilicis
401 1821 547 1884 videntur.
568 1819 750 1887 Differentiae

72 1905 186 1987 plures,
204 1923 304 1984 eaeque
319 1902 441 1963 maxime
451 1901 585 1964 ftufflbus
597 1903 752 1966 finntMa·

72 1987 191 2068 guitudo
207 1985 274 2049 huic
294 1981 366 2043 fabae
377 1982 487 2057 ,icolot
504 1985 601 2058 croci,
621 1983 751 2048 sedante

72 2068 266 2128 maturitatem
275 2064 345 2124 alius
354 2080 438 2145 atque
451 2064 542 2138 alius,
555 2066 629 2126 sicut
636 2068 665 2125 in
673 2069 753 2131 uviu'

72 2146 205 2208 Nascitut
228 2143 330 2206 densus
354 2147 383 2203 in
404 2146 491 2205 ramis
513 2148 605 2224 myrti
633 2148 746 2219 modo,

72 2248 130 2289 uon
149 2244 186 2287 ut
209 2227 239 2286 in
263 2225 365 2298 lualid,
376 2227 488 2284 cerasi:
507 2225 702 2286 tamdulciibi
713 2230 753 2303 ci·

72 2308 130 2383 bo,
152 2324 186 2368 ut
206 2326 315 2367 nomen
333 2306 423 2366 etiam
447 2305 527 2383 genti
543 2320 685 2384 terraeque
697 2306 754 2371 de-

73 2389 161 2462 derit,
171 2389 256 2447 nimis
266 2384 398 2467 hospitali
414 2381 592 2443 advenarum
603 2383 754 2461 oblivione

92 2471 181 2532 atria.
207 2466 315 2528 Ferunt
336 2466 445 2528 ventris
463 2482 525 2522 non
548 2460 652 2525 sentire
674 2484 755 2541 morq

72 2491 161 2623 brun,
179 2550 230 2628 qui
251 2566 319 2607 eum
334 2545 480 2606 mandant.
497 2541 608 2605 Melior
627 2547 689 2606 sine
709 2549 757 2609 iu·

72 2634 177 2693 tetiore
198 2626 325 2699 nucleo,
342 2629 391 2709 qui
402 2628 434 2685 iu
443 2623 757 2719 alterogeneteolleus

73 2710 200 2772 videtur.
216 2705 326 2768 Vinum
362 2724 458 2786 uoque
476 2707 642 2785 exprimitur
651 2705 691 2767 illi
695 2750 707 2779 ,
718 2708 757 2781 si·

73 2792 141 2853 mile
158 2785 268 2858 mulso,
288 2729 368 2870 qudd
390 2787 462 2849 ultra
481 2784 573 2849 denos
589 2787 650 2848 dies
667 2801 756 2870 negat

112 2875 220 2935 Tomos
235 2867 296 2932 111.
601 2865 633 2929 D
