1975 3575
137 2397 144 2455 '.
227 2386 290 2447 uu:
305 2386 353 2447 sed
370 2389 493 2448 calamus
519 2383 696 2465 praestantior
713 2382 826 2455 odore,

225 262 273 338 34
329 239 364 309 0.
388 241 570 310 Parum
594 231 792 313 NArun.

246 377 357 423 remunt
375 359 501 419 :medici
522 358 664 433 nucleos,
679 360 836 421 tundentes
857 357 907 419 ad·

222 384 286 503 lusi
302 444 343 501 eis
383 441 499 501 aulatim
520 440 610 501 calidi
633 443 720 523 aqui.
899 447 903 452 ’

264 464 386 583 XLVIl.
415 544 463 584 22.
487 521 687 603 Myrobalano
708 525 738 581 in
759 520 907 605 unguentis

223 604 346 666 similem
363 605 585 685 proximumque
603 601 688 662 usum
708 603 798 663 habet
818 601 907 683 palma

223 687 255 745 in
273 684 425 767 AEgypro,
438 705 502 767 quae
513 700 635 744 vocatur
645 684 763 767 adipsos
769 729 781 756 ,
792 683 906 754 viridis,

224 766 318 827 odore
328 766 395 826 mali
406 767 538 838 cotonei,
551 765 632 825 nullo
643 767 722 825 intus
735 766 824 847 ligno.
839 761 908 823 Col·

223 845 323 931 ligitu‘r
341 864 437 907 autem
478 847 545 905 aulo
567 847 651 915 ante,
680 847 770 927 quam
796 845 908 925 incipiat

225 925 426 990 maturescere.
446 868 541 1006 ὃιιὸά
560 929 583 987 si
606 926 807 1008 relinquatur,
826 926 908 1006 phoe·

224 1010 410 1071 nicobalanus
425 1025 547 1069 vocatur
555 1053 566 1080 ,
579 1008 611 1070 &
626 1007 782 1091 nigrescit,
798 1005 909 1068 vescen-

157 1123 164 1134 »
226 1090 325 1171 resque
346 1091 478 1149 inebriat.
507 1088 708 1169 Myrobalano
733 1089 859 1171 pretium
880 1088 908 1145 in

224 1172 311 1231 lilaras
323 1187 356 1229 x.
375 1170 444 1229 bini.
464 1166 909 1251 Institores&faecemunguen·.

224 1255 248 1312 ti
265 1252 321 1312 hoc
342 1252 461 1310 nomine
480 1250 636 1332 appellant.

265 1331 402 1393 XLVlll.
420 1329 556 1392 Calamus
574 1351 693 1412 quoque
718 1332 859 1393 odoratus
874 1327 909 1384 in

228 1412 337 1475 Arabia
346 1412 475 1482 nascens,
491 1414 652 1472 communis
663 1410 747 1473 Indis
759 1429 848 1496 atque
857 1406 912 1486 Sy·

227 1496 277 1554 riae
306 1492 366 1568 est,
382 1496 410 1552 in
430 1492 486 1572 quai
506 1494 596 1552 vincit
621 1512 747 1569 omnes,
767 1516 784 1553 a
813 1487 909 1552 nostro

226 1576 299 1635 mari
331 1593 446 1634 ceruum
469 1592 496 1634 ι,
521 1571 625 1633 stadiis.
653 1572 736 1633 Inter
769 1575 909 1636 Libanum

226 1673 376 1726 montem,
398 1654 543 1735 aliumque
568 1654 750 1736 ignobilem,
769 1677 830 1716 non
854 1650 909 1733 (ut

226 1737 343 1819 quidam
354 1733 570 1876 existimavere?
579 1735 909 1812 Antilibanum,incon·

226 1817 303 1878 valle
325 1816 441 1878 modicia
452 1815 534 1897 juxta
562 1839 663 1893 acum,
679 1817 762 1898 cujus
776 1815 909 1901 palustria

226 1896 324 1958 aestate
343 1900 499 1973 siccantur,
513 1900 627 1960 tricenis
648 1900 683 1960 ab
703 1920 740 1961 eo
755 1898 852 1961 stadiis
861 1916 910 1956 ca-

185 1989 188 1995 '
226 1979 318 2040 lamus
340 1981 371 2042 &
390 1978 493 2059 juncus
512 1981 626 2041 odorati
650 1983 816 2063 gignuntur.
835 1976 909 2039 Sane

227 2061 305 2120 enim
323 2060 449 2122 dicamus
470 2063 501 2122 ἃ
524 2061 560 2122 de
576 2059 682 2140 junco,
703 2066 836 2142 quamvis
853 2058 910 2118 alio

226 2142 324 2202 herbis
349 2142 443 2204 dicato
467 2141 633 2214 volumine,
654 2146 790 2225 quoniam
811 2156 910 2203 tamen

225 2223 272 2284 hic
291 2242 505 2305 unguentorum
526 2227 647 2286 materia
669 2225 809 2284 tractatur.
827 2219 911 2281 Nihil

227 2325 296 2388 ergo
316 2327 331 2364 a
350 2309 452 2368 ceteris
476 2306 517 2366 sui
540 2306 651 2388 generis
672 2303 807 2362 differunt
827 2299 912 2441 affie-

879 2403 911 2440 a·

225 2469 277 2527 tim
298 2489 314 2527 e
337 2467 495 2550 longinquo
518 2467 643 2533 invitat,
666 2463 784 2523 mollior
804 2460 907 2534 raclu,

226 2544 388 2629 meliorque
405 2549 453 2629 qui
469 2546 563 2604 minias
583 2543 687 2625 fragilis
701 2565 709 2604 ι
723 2545 754 2605 &
768 2546 817 2628 qui
837 2542 908 2604 allu-

226 2629 288 2689 lose
347 2629 427 2701 tilis,
448 2626 535 2708 quam
555 2625 671 2707 raphani
695 2627 786 2687 modo
805 2626 908 2706 frangi·

226 2725 282 2769 tur.
317 2707 378 2769 nest
400 2706 500 2768 fistulae
522 2727 679 2779 araneum,
698 2709 777 2790 quod
797 2716 906 2769 vocant

225 2789 339 2850 florem.
359 2787 537 2853 Praestantior
560 2787 619 2863 est,
637 2792 682 2852 cui
712 2791 905 2854 numerosiusa
