1975 3575
5 105 6 112 t

5 191 10 204 s

7 279 8 296 l

260 259 487 333 Hrsrorr.
513 260 586 333 Lib.
599 259 696 333 Xlll.
751 261 799 357 69

94 398 264 441 manarum
283 380 484 460 antiquitatum
504 378 603 452 sexto,
627 379 732 443 Antias
754 379 800 442 se·

98 463 234 533 cundo,
255 482 274 514 u
285 460 360 520 duos
391 458 572 541 pontificales
593 460 731 535 Latinos,
750 478 799 522 to·

99 564 123 599 n
143 542 241 602 tidem
250 538 797 623 Graecospraeceptaphilosophirecon·

100 646 124 682 rr
143 618 499 683 tinentesn.ldemtertio
530 624 611 695 onit,
623 643 708 703 atquo
719 644 799 684 corn·

103 724 126 760 >r
144 703 215 762 buri
230 722 283 763 eos
322 702 440 763 latuerit
453 727 484 763 n.
502 644 581 762 finer
600 722 700 763 omnes
723 704 798 766 vero

106 784 256 844 convenit
277 722 417 863 Sssyssam
437 783 474 843 ad
484 781 677 865 Tarquinium
694 781 800 864 Super·

105 862 185 924 bum
200 879 260 924 tres
279 862 370 923 libros
393 862 541 926 adtulisse:
557 884 593 924 ex
614 864 720 945 quibus
740 866 799 947 igni

110 944 177 1005 duo
193 946 313 1004 cremati
332 943 369 1004 ab
385 944 466 1026 ipsi,
483 945 584 1004 tertius
596 965 663 1003 curn
682 941 805 1025 Capitol

109 1025 156 1085 lio
180 1023 302 1085 Sullanis
318 1025 511 1105 temporibus.
530 1022 673 1085 Praeterea
685 1023 802 1084 Mucia·

107 1126 172 1166 nus
189 1123 233 1166 ter
245 1103 352 1165 *consul
370 1105 499 1187 prodidit
518 1125 611 1187 nuper
633 1103 662 1165 se
682 1103 800 1186 legille,

113 1188 186 1247 curn
205 1186 372 1268 praesiderer
384 1185 484 1266 Lyciae
495 1228 505 1258 ‚
518 1184 692 1267 Sarpedonis
703 1184 803 1246 aTro·

107 1264 143 1347 jd
166 1266 300 1348 scriptam
326 1269 358 1327 in
383 1266 513 1348 quodam
533 1267 645 1348 templo
669 1265 800 1348 epistolae

109 1348 252 1407 chartam.
263 1345 359 1427 Quod
374 1348 411 1407 eo
426 1347 516 1427 magis
533 1349 642 1418 miror,
659 1349 683 1405 si
699 1349 801 1407 etiarn·

109 1449 188 1488 num
198 1428 332 1489 Homero
342 1426 488 1487 condente
498 1425 647 1507 AEgyptus
655 1447 715 1486 non
726 1441 800 1486 erat:

109 1526 166 1569 aut
184 1528 261 1580 cur,
280 1511 303 1568 si
324 1506 382 1589 jam
402 1508 448 1568 hic
466 1524 527 1568 erat
545 1505 628 1578 usus,
639 1509 668 1566 in
679 1508 742 1586 ipsi
753 1506 802 1567 illd

110 1589 212 1672 Lycii
228 1588 447 1671 Bellerophonti
462 1587 614 1649 codicillos
629 1588 727 1657 datos,
742 1608 802 1649 non

112 1668 256 1752 epistolas
269 1713 280 1744 ‚
294 1670 431 1752 prodidit.
447 1667 632 1729 sterilitatem
647 1667 732 1729 sentit
742 1668 800 1730 hoc

113 1771 256 1835 quoquer
270 1749 431 1834 factumque
453 1749 511 1831 jam
529 1747 650 1811 Tiberio
673 1750 802 1832 principe

8 1860 12 1875 ·
111 1833 220 1915 ‘inopid
241 1831 364 1904 chartae,
382 1849 414 1892 ut
434 1853 451 1893 e
469 1829 567 1893 senatu
578 1831 712 1893 darentur
723 1830 802 1891 arbi·
856 1868 861 1872 ‹

113 1917 153 1975 tri
180 1911 400 1994 dispensandae:
430 1912 499 1974 aliis
528 1914 559 1972 in
583 1911 709 1973 tumultu
737 1914 800 1975 vita

114 2012 189 2057 eret.

159 2073 302 2136 XXVIII.
319 2094 372 2150 r4s
385 2073 551 2156 AEthiopia,
575 2072 709 2213 AEgprpro
728 2092 802 2133 con·

108 2157 260 2235 termina,
273 2158 399 2237 insignes
418 2156 537 2216 arbores
548 2176 608 2215 non
637 2175 686 2214 ere
698 2154 801 2226 haber,

141 2254 225 2298 raeter
246 2237 397 2308 laniferas,
426 2256 548 2316 quarum
560 2252 668 2294 natura
696 2237 728 2293 in
746 2235 802 2294 de·

117 2259 274 2400 fcriprmne
287 2316 427 2377 Indorum
440 2331 525 2395 atque
537 2312 653 2374 Arabiae
667 2313 739 2372 dida
750 2312 803 2375 est.

118 2398 244 2480 Propior
263 2415 360 2458 tamen
378 2395 446 2456 huic
465 2410 565 2454 natura
588 2395 678 2466 Ianae,
697 2389 803 2470 major·
896 2398 901 2408 '

118 2501 177 2562 que
201 2478 344 2540 folliculus
360 2479 468 2561 granati
487 2474 580 2536 modo
590 2472 804 2535 malitsimiles·

117 2580 178 2642 que
195 2560 318 2622 &inter
335 2558 363 2619 se
383 2559 502 2618 arbores
520 2554 596 2639 ipsae.
615 2553 804 2615 Praeterhanc

140 2641 246 2713 almae,
270 2637 368 2722 quales
390 2639 550 2700 retulimus.
573 2634 731 2696 Insulnrum
755 2654 804 2693 ar·

115 2663 207 2782 fiores
226 2720 336 2780 ambitu
357 2718 533 2799 AEthiopiae‚
550 2719 583 2779 δι
596 2734 718 2777 nemora
729 2713 805 2778 odo·

110 2820 196 2886 vrato,
209 2803 240 2863 in
252 2802 406 2875 ,mentione
424 2819 522 2863 etrum
539 2796 615 2861 diua
633 2794 707 2862 sunt.
752 2838 755 2843 ·
