1975 3575
221 265 268 341 88
326 267 363 337 c.
386 265 572 337 Primi
596 256 793 337 Nurum

262 384 317 447 lll.
333 385 388 445 Hae
404 389 479 465 vites
505 385 620 447 tonsuri
640 386 732 446 annui
755 398 910 448 coercen¹

221 483 285 539 tur,
303 468 336 527 ἃ
350 469 397 527 vis
416 488 514 527 earum
531 470 625 539 omnis
643 484 781 527 evocatur
792 469 823 526 in
878 469 907 533 l·

221 549 328 622 mites,
343 564 391 608 aut
410 548 575 629 deprimitur
586 551 616 607 in
632 547 822 629 propagines,
834 489 908 617 idc-

222 630 307 711 cique
324 629 436 689 tantbm
454 627 543 711 gratii
562 630 640 688 exire
661 629 761 687 sinitur
772 628 909 709 pluribus

186 740 195 759 s
222 709 320 768 modis
340 710 376 769 ad
398 709 460 770 caeli
478 729 592 782 mores,
605 708 714 788 solique
732 707 907 790 ingenia.lu

218 787 375 870 <Campano
394 811 462 870 agro
482 790 597 869 populis
616 789 749 850 nubunt:
769 787 909 869 maritas·

222 891 281 952 que
300 870 478 951 complexa,
499 885 583 951 atque
609 890 661 949 per
686 888 783 928 ramos
803 889 906 945 earum

222 951 392 1032 procacibus
404 951 527 1011 brachiis
543 950 705 1031 geniculato
720 949 802 1009 cursu
822 949 907 1011 scan-

219 1031 345 1108 dentes,
366 1034 514 1092 cacumina
532 1032 702 1113 aequant,in
720 1045 833 1095 tantum
856 1030 904 1099 su-

222 1113 348 1186 blimes,
365 1130 397 1172 ut
415 1111 592 1171 vindemitor
611 1109 773 1183 audoratus
797 1131 905 1194 rogum

222 1213 257 1252 ac
269 1191 411 1251 tumulum
424 1193 557 1271 excipiat.
576 1189 669 1251 Nullo
682 1188 739 1252 fine
749 1189 900 1264 crescunt,

203 1340 205 1343 ⁸
223 1272 392 1354 dividique,
411 1289 458 1331 aut
470 1273 565 1352 potius
574 1272 661 1333 avelli
670 1290 826 1353 nequeunt.
839 1272 905 1333 Vil-

130 1422 138 1428 ,
223 1353 266 1412 las
282 1353 315 1414 bc
333 1353 436 1415 domos
451 1353 552 1413 ambiri
573 1353 746 1435 singularum
775 1353 903 1434 palmiti·

221 1433 278 1494 bus
295 1454 327 1493 ac
344 1433 509 1514 sequacibus
526 1432 758 1494 loris'memorii
782 1435 902 1516 dignum

222 1515 297 1572 inter
314 1515 407 1593 prima
427 1512 596 1573 Valerianus
615 1534 731 1597 quoque
743 1512 901 1577 Cornelius

166 1648 169 1653 .
217 1591 407 1655 existimavit.
426 1592 492 1652 Una
501 1595 568 1655 vitis
577 1594 681 1655 Romae
692 1593 820 1654 inLiviae
831 1617 903 1677 por-

216 1673 326 1737 ,tisibus
343 1672 483 1734 subdiales
499 1674 737 1749 inambulationes
757 1675 901 1745 umbrosis

222 1753 349 1837 pergulis
358 1772 476 1835 opacat,
488 1754 590 1815 eadem
601 1755 740 1817 duodenis
749 1754 834 1817 musti
844 1777 902 1831 am·

222 1835 902 1921 phorisfecunda.Ulmosquidemubiqueexsu·

140 1967 146 1972 ,
217 1933 333 1996 perant.
343 1914 538 1998 Miratumque
546 1916 724 1978 altitudinem
733 1917 901 1986 earumAri·

224 1997 276 2055 ciae
295 1994 389 2056 ferunt
407 1997 534 2078 legatum
552 2000 626 2080 regis
645 1998 748 2079 Pyrrhi
762 1997 900 2072 Cineam,

217 2074 316 2137 facete
337 2075 428 2137 lusiffe
446 2080 474 2136 in
497 2075 682 2140 austeriorem
698 2077 812 2162 gustum
821 2082 899 2153 vini,

222 2178 244 2211 u
254 2157 359 2217 meritb
375 2175 497 2219 matrem
515 2156 576 2238 ejus
595 2160 721 2241 pendere
733 2163 763 2219 in
773 2162 900 2222 tamaltd

223 2259 244 2296 ar
255 2258 341 2299 cruce
350 2263 379 2298 n.
397 2237 590 2320 Rumporinus
599 2257 738 2313 vocatur,
748 2242 780 2303 &
789 2242 901 2302 alieno·

218 2321 303 2396 ,nine
322 2321 446 2402 populus
463 2321 549 2381 arbor
565 2320 653 2381 Italiae
678 2320 788 2382 Padum
811 2321 893 2388 trans,

224 2402 349 2479 gressis,
360 2399 440 2478 cujus
453 2397 579 2461 tabulata
588 2404 618 2459 in
627 2402 729 2462 orbem
747 2404 845 2483 patula
855 2423 899 2463 re·

222 2478 326 2559 plent,
347 2500 478 2560 puroque
497 2480 639 2562 perdudae
662 2483 786 2558 dracone
803 2485 834 2557 in
844 2485 899 2564 pal·

223 2580 303 2619 mam
322 2557 402 2639 eius,
420 2560 488 2620 inde
512 2560 561 2621 sub
581 2560 674 2622 redies
692 2583 837 2624 ramorum
856 2565 899 2626 di·

218 2640 302 2719 ,gitos
320 2639 430 2721 flagella
447 2638 620 2723 dispergunt.
650 2642 770 2704 Eadem
790 2644 899 2705 modici

212 2719 350 2798 ...hominis
366 2721 516 2783 altitudine
549 2723 757 2784 adminiculatae
785 2722 898 2785 sudibus

224 2795 361 2876 horrent,
372 2803 550 2886 *vineamque
570 2801 697 2868 faciunt:
713 2805 745 2887 bt
767 2804 828 2884 allae
847 2808 899 2878 imp
