1975 3575
215 281 263 375 78
334 281 370 349 C.
395 280 571 350 Pzrrtrr
596 278 778 349 Narve,

257 397 335 460 XLI.
355 396 461 458 Similis
482 397 515 459 δι
536 399 675 479 coccygia
686 395 776 470 folio,
789 397 913 480 magni·

171 497 174 506 ·
217 480 318 542 tudine
333 482 437 542 minor.
456 477 666 559 proprietatem
678 477 764 538 habet
775 477 909 540 frullum

217 561 369 622 amittendi
390 561 550 643 lanugine,
573 556 724 641 (pappum
745 558 914 640 vocatur)

218 642 301 724 quod
320 641 393 702 nulli
407 641 455 701 alii
471 641 609 701 arborum
619 640 728 701 evenit.
749 638 907 702 Similis&

218 723 359 804 aphace,
369 720 461 782 bifera
472 721 555 816 requi
566 719 652 802 quim
661 721 816 781 adrachne.
828 721 909 782 Prio-

220 825 283 865 tem
295 802 418 863 frulluru
430 803 585 883 incipiente
595 799 753 882 pubescere
763 803 823 861 uvi
838 822 909 884 per-

222 902 331 967 agunt,
350 883 473 945 alterurn
490 883 571 943 initio
585 881 706 943 hiemis:
718 881 817 964 quates
832 903 910 959 eos,
970 905 971 938 t

220 987 284 1028 non
306 965 436 1026 traditur.

264 1044 356 1107 XLII.
372 1044 410 1107 Et
427 1043 548 1107 ferulam
565 1044 640 1104 inter
656 1059 788 1104 externas
803 1040 908 1104 dixisse

216 1125 599 1206 conveniat‚arltorumque
607 1126 705 1205 generi
715 1121 907 1207 adscripsisse:

216 1208 361 1286 quoniam
379 1205 569 1286 quarumdam
588 1202 910 1287 naturae(sicutdIstirr·

245 1285 361 1368 ulmus)
383 1287 493 1369 ignum
519 1305 608 1346 omne
629 1286 746 1346 corticis
764 1285 832 1346 loco
853 1284 909 1345 he-

224 1308 315 1442 lgrent,
329 1368 385 1430 hoc
397 1367 460 1442 eil,
477 1365 650 1428 forinsecus:
666 1365 737 1448 ligni
752 1384 851 1427 autern
863 1366 910 1427 lo·

226 1471 264 1510 co
285 1446 434 1529 fungosam
452 1449 528 1508 intus
546 1445 703 1508 medullam
714 1492 724 1522 ,
735 1464 768 1507 ut
790 1447 909 1508 lambu-

169 1561 171 1566 ·
222 1532 274 1590 ci:
315 1527 426 1587 uaedam
445 1530 519 1587 vero
541 1528 726 1601 inanitatem,
744 1544 777 1587 ut
793 1528 910 1588 arandi

225 1629 287 1669 nes.
332 1608 410 1667 erula
435 1607 532 1668 calidis
564 1606 686 1668 nascitur
702 1607 799 1681 locis,
818 1625 911 1691 atquo

225 1708 304 1768 traps
314 1689 403 1749 maria
411 1707 421 1761 3
430 1688 596 1770 geniculatis
608 1688 713 1749 nodata
723 1687 823 1771 scapis.
834 1688 910 1751 Duo

226 1767 293 1911 1ejus
312 1770 579 1911 generpatplarttlpphca
597 1766 699 1831 Graeci
716 1788 844 1913 vliecam’
856 1771 910 1832 ad·

238 1871 273 1910 ur
292 1867 433 1910 entemm
476 1867 496 1910 tr
560 1871 646 1913 nem:
665 1870 727 1912 narr
806 1873 910 1916 auve-

222 1934 262 1995 rb
274 1869 395 2013 gsemper
415 1931 564 1993 humilem.
583 1931 614 1992 Α
634 1933 756 2016 genibus
766 1874 912 1995 ceireuntia

190 2026 198 2039 ⁶
226 2011 298 2073 folia
310 2014 452 2086 maxima,
469 2030 502 2073 ut
516 2034 639 2096 quaeque
655 2031 741 2075 terrae
765 2017 912 2096 proxima.

228 2090 339 2153 Cetero
366 2109 466 2155 natura
498 2095 622 2167 eadem,
641 2116 706 2177 quae
726 2095 852 2171 anetho,
874 2098 909 2159 ἃ

227 2171 320 2235 ἱηιᾶιι
339 2176 449 2236 similis.
475 2174 557 2235 Nulli
575 2173 710 2236 fruticum
726 2176 828 2237 levitas
846 2197 909 2237 nta-

228 2253 299 2337 jor:
323 2256 363 2316 ob
388 2257 419 2319 id
447 2255 557 2340 gestatu
578 2254 716 2333 facilior,
737 2256 910 2321 baculorum

228 2336 313 2398 usum
335 2336 471 2400 seneliuti
493 2338 613 2420 prebet.

270 2417 379 2480 XLIII.
402 2418 510 2479 Sernen
540 2417 659 2492 ferulae,
677 2418 819 2501 thapsiarn
844 2421 910 2503 qui·

227 2497 298 2559 dam
319 2518 489 2559 vocaverer
511 2498 628 2580 decepti
648 2503 850 2583 eo,quoniam
867 2500 908 2581 fe·-

228 2580 291 2643 ruta
305 2582 368 2640 sine
389 2578 477 2640 dubio
494 2577 537 2639 est
558 2579 686 2662 thapsia,
698 2580 748 2642 sed
764 2580 806 2641 sui
821 2601 909 2664 gene·

229 2663 290 2734 tls,
304 2657 382 2721 foliis
399 2657 531 2732 feniculi,
542 2661 618 2722 inani
634 2662 733 2736 caule,
752 2682 809 2722 nec
826 2683 907 2724 exce·

228 2739 319 2801 dente
343 2741 439 2803 baculi
458 2739 686 2822 longitudittemt
706 2741 805 2804 semen
826 2744 906 2825 quale

230 2816 349 2897 ferulae,
363 2822 446 2887 radix
461 2822 592 2888 curdida.
612 2821 781 2888 lucisauee
796 2840 909 2900 menits

969 1093 971 1152 Ι
