1975 3575
202 329 413 446 Hrs'ror.
438 375 512 446 tu.
537 375 631 448 xur.
685 398 728 475 53

45 515 102 558 retu
115 495 276 578 ‘germinat
298 494 409 554 tantirtn
429 491 516 577 spicue
527 495 627 556 modo.
638 493 730 556 Utris-

7 615 10 618 -
50 598 98 658 que
108 593 211 636 autem
221 576 315 657 prima
331 573 452 637 nascitur
464 576 547 657 pomi
561 596 628 637 caro
639 599 647 637 ι
657 574 734 657 post·

3 666 16 701 ἰ
56 678 80 717 ea
102 658 219 739 lignum
248 658 353 729 intus,
378 655 434 716 hoc
454 654 495 716 est
513 700 523 730 ,
541 653 640 718 semen
660 654 732 736 ejus.

1 747 18 800 5·-
59 736 283 819 Argumentum,
301 735 381 819 qubd
400 757 498 818 patvae
521 739 583 797 sine
605 736 663 797 hoc
685 757 732 797 re-

1 825 19 892 ’ζ
58 821 196 898 periuntur
216 819 248 876 in
274 816 381 878 eodem
410 817 539 898 palmite.
567 814 618 877 Est
636 834 734 878 autem

10 907 17 914 ’
57 898 233 981 oblongum:
255 917 316 957 non
329 941 339 971 ,
354 913 386 957 ut
406 898 512 972 olivis,
530 898 734 960 orbiculatum.

1 987 15 1027 ,ί
56 976 190 1039 Praeterea
207 975 310 1038 caesum
323 999 340 1038 a
357 977 444 1039 dorso
457 978 608 1058 pulvinati
619 975 734 1052 fiss'utai,

1 1067 14 1079 ”
52 1058 128 1119 &in
150 1058 220 1118 alvo
238 1058 335 1118 medid
356 1057 497 1141 plerisque
515 1058 734 1133 umbilicum,

8 1151 11 1154 ’
51 1138 123 1200 unde
143 1140 273 1221 primurn
290 1137 308 1197 s
323 1141 429 1220 argitur
449 1139 539 1201 radix.
558 1137 667 1200 Seritur
687 1161 735 1200 au·

47 1235 108 1279 tem
128 1240 276 1301 pronum,
348 1219 416 1279 bina
425 1216 505 1298 juxtit
515 1223 678 1302 composita
687 1219 732 1281 se·

43 1302 139 1370 mina,
162 1297 305 1381 superque
326 1300 468 1373 totidem,
490 1303 628 1382 quoniam
653 1299 733 1361 infit·

1 1390 3 1421 ³
40 1401 91 1441 ma
116 1382 163 1441 sin
187 1379 239 1440 ulis
257 1380 355 1461 planta
373 1378 436 1442 est:
477 1398 603 1441 uaternae
625 1379 737 1441 coales-

39 1478 126 1522 cunt.
188 1461 252 1521 ultis
267 1460 449 1543 candidisque
456 1403 572 1603 <iiffnum
583 1462 639 1522 hoc
651 1482 669 1521 c
679 1483 739 1522 car·

33 1542 130 1603 nibus
148 1540 320 1602 discernitur
338 1543 456 1615 tunicis,
472 1545 535 1603 aiis
555 1544 673 1624 corpori
685 1542 736 1603 ad·
845 1585 853 1598 .

29 1622 246 1684 haerentibus:
259 1621 379 1704 laxeque
391 1620 512 1695 distans,
523 1624 634 1683 tantiam
649 1644 735 1685 cacu-
804 1652 813 1673 v

26 1706 115 1765 mini
140 1700 198 1763 filo
221 1702 355 1765 adhaeret.
378 1700 454 1765 Caro
472 1702 635 1765 maturescit
651 1725 738 1766 anuo.

28 1782 238 1867 Quibusdam
257 1801 355 1845 tamen
373 1785 403 1844 in
422 1783 509 1856 locis,
523 1802 555 1846 ut
566 1788 595 1845 in
610 1783 734 1868 Cypro,

30 1886 230 1951 quamquam
241 1865 278 1925 ad
290 1867 480 1927 maturitatem
492 1887 552 1927 non
567 1870 734 1948 perveniat,

31 1965 128 2029 grato
150 1945 256 2028 sapore
278 1946 368 2006 dulcis
388 1945 449 2009 est:
465 1949 498 2011 dt
515 1946 619 2009 folium
636 1949 677 2008 ibi
694 1949 735 2009 la-

31 2031 93 2090 tius
105 2073 119 2102 ,
139 2025 253 2087 fructus
267 2025 353 2108 quim
368 2028 485 2111 reliquis
498 2029 669 2105 rotundior,
680 2049 734 2092 nec

34 2126 67 2169 ut
89 2109 265 2169 devoretur
275 2129 398 2189 corpus,
409 2129 513 2170 vetum
522 2126 554 2175 ut
563 2108 734 2190 exspuatur,

37 2187 134 2250 succo
156 2188 251 2249 modu
268 2187 409 2269 expresso.
429 2187 466 2249 Et
486 2192 516 2249 in
532 2188 640 2250 Arabia
670 2191 746 2253 lan·.

11 2312 13 2317 >
41 2270 135 2350 guide
160 2268 262 2329 dulces
272 2269 423 2330 traduntur
435 2267 491 2329 eise
526 2269 625 2330 almae:
639 2290 737 2350 quam·

46 2370 138 2429 quam
157 2347 233 2410 Juba
253 2350 329 2432 apud
349 2347 480 2410 Scenitas
531 2349 612 2408 rabas
643 2348 738 2412 taefert

49 2428 187 2490 omnibus
209 2429 376 2510 saporibus,
393 2449 480 2514 quana
491 2446 600 2490 vocant
645 2427 739 2491 ablan.

15 2524 30 2583 t
51 2505 165 2570 Ceterb
180 2511 243 2572 sine
264 2511 389 2571 maribus
405 2532 465 2572 non
484 2513 602 2594 gignere
618 2508 739 2571 feminas

17 2585 163 2668 §sponte
178 2591 259 2652 edito
283 2611 405 2652 nemore
435 2591 628 2653 confirmant:
650 2593 740 2653 circa·

18 2668 38 2731 u
59 2689 111 2751 que
127 2672 257 2754 singulos
270 2672 367 2753 plures
384 2689 483 2735 nutare
503 2675 532 2733 in
553 2692 739 2754 eumpronat

19 2751 41 2813 d
63 2748 255 2813 blandioribus
283 2753 385 2813 comis.
415 2752 500 2814 lllurn
529 2752 631 2814 eredis
652 2751 741 2835 hispi-

29 2825 45 2889 ἱ
67 2827 143 2903 dum,
154 2832 264 2894 adflatu
273 2831 394 2915 visuque
406 2832 467 2915 ipso
477 2834 640 2914 &pulvere
653 2836 739 2897 etiam

80 2909 177 2997 eliquat
194 2916 331 2978 maritare
343 2935 351 2976 z
364 2911 449 2996 hujus
467 2915 570 2977 arbore
587 2914 683 2976 excisi
700 2918 742 2988 vis

38 3020 42 3031 ·
545 2991 614 3078 cn
