1975 3575
217 252 425 328 antron.
450 253 523 329 tn.
549 251 645 330 run.
708 275 753 355 75

82 373 134 436 bet
145 373 206 435 mali
217 377 333 437 cotonei
349 376 559 460 magnitudine,
569 393 701 460 opertam
713 380 765 438 nis

82 459 274 538 gnatonico,
293 458 383 538 qualis
405 458 438 519 &
454 456 596 518 castaneas
613 461 692 541 tegit.
711 458 760 518 In·

85 538 169 596 terius
181 537 333 597 candidum
351 559 402 598 cor
424 560 475 612 us,
490 556 602 620 gratum
611 541 696 613 cibis,
706 539 757 601 sed

80 617 172 677 ‘crudo
208 620 293 677 ratius
313 618 386 679 deco
433 639 481 691 m,
503 621 566 680 sive
585 621 675 701 aqud,
693 623 758 681 sive

83 698 179 778 pruni.
231 719 265 759 ec
287 696 401 760 aliunde
420 702 531 781 magis,
551 699 639 782 quim
655 720 760 784 purga·

81 780 183 838 mentis
201 776 281 857 ejus,
298 777 363 839 sues
386 778 566 841 crassescunt.

122 857 259 920 XXXIII.
274 878 321 939 19.
339 858 504 942 Cyrenaica
518 862 601 943 regio
611 860 695 922 loton
705 859 762 922 sua

81 938 226 1021 postponit
254 940 377 1021 paliuro.
404 940 581 1002 fruticosior
600 941 681 1016 haec,
701 941 764 1002 fru-

79 1018 181 1100 nuque
204 1023 295 1102 magis
314 1020 440 1094 rubens,
462 1020 543 1100 cujus
561 1022 681 1083 nucleus
700 1043 761 1083 non

78 1101 163 1160 simui
189 1101 356 1175 mandatur,
371 1101 518 1181 jucundus
538 1123 592 1184 per
606 1103 657 1174 se,
674 1121 702 1163 at
744 1123 763 1164 e

83 1179 330 1254 suaviorevino‚
354 1186 422 1264 quin
447 1185 480 1244 &
500 1184 573 1244 vina
597 1182 684 1245 succo
720 1205 761 1246 uo

77 1262 297 1326 commendans.
312 1262 438 1323 Interior
449 1261 548 1324 Africa
556 1263 595 1323 ad
604 1262 762 1325 Garamam·

80 1358 125 1402 aas
145 1341 256 1425 usque,
274 1344 307 1404 &
323 1341 454 1418 deserta,
496 1344 634 1403 almarum
649 1347 763 1426 magni-

81 1422 192 1496 tudine,
203 1425 237 1495 δι
253 1423 391 1484 suavitate
401 1443 457 1484 con
483 1441 532 1498 at,
545 1423 691 1486 nobilibus
701 1445 765 1486 ma·

82 1504 159 1563 nmd'
173 1505 252 1563 circa
270 1503 420 1565 delubrum
434 1505 619 1566 Hammonis.

119 1582 260 1645 XXXIV.
280 1581 338 1644 Sed
357 1587 431 1645 circa
449 1581 656 1668 Carthaginem
674 1581 763 1647 Puni·

29 1695 36 1720 d
79 1684 145 1724 >cum
165 1664 274 1728 maium
289 1668 466 1748 cognomine
485 1668 539 1727 sibi
553 1667 763 1728 vindicatzaii·

80 1747 128 1828 qui
147 1763 298 1829 &anatum
316 1746 470 1830 appellant.
492 1746 607 1811 Divisit
624 1748 657 1810 δι
673 1749 703 1809 in
734 1769 762 1811 e·

78 1846 166 1887 nera:
184 1847 347 1912 apyrenum
371 1829 537 1911 ,vocando,
561 1831 609 1891 cui
634 1768 761 1913 lignqus

79 1909 199 1969 nucleus
228 1906 326 1971 abest:
346 1908 397 1970 sed
421 1911 572 1972 candidior
592 1911 620 1970 ei
642 1928 761 1986 natura,

77 1989 113 2049 ’ἃ
129 1989 297 2051 blandiores
319 1989 381 2050 sunt
401 1993 495 2066 acini,
511 1989 661 2073 mindsque
680 2012 761 2053 ama·

82 2071 118 2128 ris
138 2068 262 2130 distin&
282 2071 467 2133 membranis.
485 2072 553 2134 Alia
564 2070 762 2134 struihrraeo·

79 2169 143 2210 tum
154 2152 306 2234 quaedam,
322 2168 356 2212 ut
365 2151 477 2214 infamis
486 2199 497 2230 ‚
506 2156 678 2216 communis.
692 2153 761 2214 Nu·

80 2231 157 2292 oleos
171 2232 342 2293 habentium
358 2235 486 2314 quinque
501 2232 627 2372 sgeci'es:
641 2234 759 2309 dulcia,

78 2311 504 2387 acria,mixta,acida,vinosa.
534 2312 762 2395 amia&AEgyp⁴

83 2395 117 2453 tia
130 2392 218 2456 distin
239 2412 343 2456 uuntur
365 2392 601 2485 erythrocomis,
617 2393 650 2452 &
663 2391 761 2474 lenco-

77 2477 182 2533 tomis.
251 2476 330 2536 tricis
347 2495 394 2535 ma
407 2496 442 2535 or
459 2472 525 2535 usus
547 2492 586 2535 ex
605 2471 715 2534 acerbis
724 2470 761 2535 ad

80 2553 355 2633 perficiendacotia.
405 2554 615 2617 osbalaustium
623 2564 760 2627 vocatur,

83 2633 113 2694 dt
131 2635 289 2697 medicinis
309 2637 451 2710 idoneus,
472 2639 505 2698 &
522 2635 685 2718 tinguendis
705 2655 760 2696 ve·
844 2658 846 2663 ⁴

81 2710 188 2789 stibus,
245 2736 325 2776 arum
342 2716 425 2777 color
440 2717 509 2777 inde
520 2737 629 2778 nomen
639 2718 763 2799 accepin'

116 2794 210 2857 XXX
241 2839 251 2859 .
270 2814 318 2861 uo.
336 2795 371 2858 In
387 2796 459 2859 Asid
474 2800 508 2862 &
519 2797 634 2937 Graegd
644 2795 759 2890 nascun-

636 2901 655 2961 ι1
