1975 3575
232 255 443 331 Hrrron.
464 257 538 332 Lib.
557 258 656 332 XVI.
708 283 780 356 249

102 377 202 449 ,abiete
219 399 250 439 ac
273 378 360 438 larice
381 375 467 438 stelin
492 379 561 438 dicit
582 377 697 443 Euboea
718 379 784 441 nas·

106 463 156 534 ci,
173 460 300 542 hyphear
329 458 467 518 Arcadia.
493 457 612 518 Viscum
630 479 725 522 autem
750 463 782 521 in

107 560 227 621 quercu,
247 539 376 612 robore,
398 558 493 620 pruno
527 537 674 613 silvestri,
703 557 782 602 tere·
804 536 808 544 ’

105 619 220 688 bintho,
233 640 286 680 nec
302 619 363 679 aliis
382 619 533 679 arboribus
549 617 676 691 adnasci,
686 622 778 701 pleri·

104 719 173 780 que.
181 697 418 782 copiosissimum
427 701 456 759 in
465 698 679 781 quercu‚quod
688 699 780 781 dryos

104 779 232 860 hyphear
251 776 369 840 uocant.
391 777 425 839 In
442 779 523 841 omni
542 781 661 850 arbore,
677 800 779 864 excep·

102 861 134 919 td
149 860 209 920 ilice
226 862 257 923 δι
275 880 402 941 quercu,
420 857 609 922 differentiam
624 858 693 921 facit
704 861 781 942 oder

102 938 253 1021 virusque,
270 942 304 1002 δι
324 939 428 1001 solium
445 961 505 1002 non
516 939 635 1021 jucundi
658 940 759 1002 odoris
768 986 781 1014 ,

101 1037 223 1102 utroque
241 1018 312 1081 visci
328 1041 428 1081 amaro
444 1023 477 1083 ὃ(
491 1020 583 1080 lento.
592 1020 734 1102 Hyphear
743 1023 782 1085 ad

100 1100 249 1183 saginanda
267 1121 375 1182 pecora
396 1098 504 1161 utilius.
519 1099 601 1177 Vitia
612 1102 703 1163 modb
713 1123 780 1183 pur·

101 1199 149 1263 gat
167 1183 273 1263 primb:
290 1181 356 1245 dein
367 1180 554 1264 pinguefacit,
565 1202 629 1264 quae
639 1180 780 1245 suffecere

101 1263 269 1345 purgationi.
289 1259 408 1341 Quibus
427 1264 463 1321 sit
480 1262 573 1342 aliqua
586 1261 666 1323 tabes
684 1265 779 1336 intus,

101 1360 203 1425 negant
218 1344 329 1404 durare.
353 1339 396 1402 Ea
413 1341 550 1402 medendi
570 1344 661 1415 ratio,
676 1342 780 1405 aestatis

100 1423 283 1505 quadragenis
303 1423 413 1483 diebus.
436 1420 587 1499 Adjiciunt
605 1422 778 1501 discrimen,

100 1502 175 1565 visco
193 1508 224 1565 in
244 1503 287 1563 his
299 1524 364 1604 dua
374 1501 443 1562 solia
453 1505 599 1572 amittant,
614 1503 711 1586 &ipsi
721 1504 778 1565 de·

99 1584 215 1657 cidere:
234 1601 334 1644 contra
367 1584 504 1645 inhaerere
526 1599 595 1644 nato
615 1585 646 1643 in
669 1585 779 1648 aetemd

99 1662 212 1733 fronde.
231 1663 364 1727 Omnino
375 1680 471 1724 aurem
484 1661 575 1724 satum
589 1663 670 1724 nullo
684 1666 778 1727 modo

99 1744 238 1821 nascitur,
255 1765 313 1808 nec.
331 1745 384 1806 nisi
428 1765 458 1805 er
477 1745 576 1806 aivum
595 1747 692 1806 avium
706 1746 775 1809 red·

97 1827 206 1907 ditum,
229 1827 353 1887 maxime
371 1767 513 1908 paiumbis
532 1847 564 1886 ac
587 1825 687 1888 turdis.
702 1826 776 1890 Haec

100 1906 138 1969 est
155 1924 275 1979 natura,
295 1923 327 1967 ut
353 1908 408 1968 nisi
435 1924 606 1967 maturatum
625 1908 655 1967 in
671 1926 777 1971 ventre

97 1990 212 2061 avium,
230 2009 290 2047 non
302 1988 467 2069 proveniat.
486 1986 619 2048 Altitudo
639 1985 704 2066 ejus'
716 2010 777 2050 non

64 2093 66 2096 ¹
99 2071 211 2130 excedit
226 2067 397 2138 cubitalem,
409 2064 522 2147 semper
533 2065 680 2141 frutediosi
692 2090 724 2131 ac
734 2071 780 2130 vi-

97 2141 172 2214 ridis.
192 2147 260 2209 Mas
269 2144 507 2218 fertilis,semina
515 2145 626 2207 sterilis.
640 2148 780 2231 Aliquan-

97 2229 135 2290 do
150 2228 292 2291 nonsert.

113 2378 116 2384 ,
134 2308 249 2372 xclv.
272 2304 392 2369 Viscum
413 2304 504 2365 confit
517 2325 552 2366 ex
564 2307 650 2368 acinis
660 2309 709 2390 qui
717 2308 780 2368 col-

95 2387 220 2473 liguntur
238 2389 377 2450 messium
396 2402 530 2468 tempore
542 2389 780 2449 immaturitnam

98 2472 120 2532 si
138 2468 283 2534 accessere
303 2469 432 2540 imbres,
449 2466 640 2548 amplitudine
660 2468 781 2609 guidem

95 2569 255 2633 nugentur,
267 2548 347 2613 visco
364 2551 438 2610 verb
457 2547 642 2610 marcescunt.
682 2550 779 2610 iccan·

94 2644 140 2691 tur
157 2631 281 2704 deinde,
301 2631 333 2692 δι
348 2630 417 2691 aridi
427 2631 602 2704 tunduntur,
625 2651 659 2690 ac
678 2629 779 2690 condi·

96 2710 119 2792 ,ti
136 2713 167 2776 in
188 2711 263 2800 aqud
281 2709 446 2796 putrescunt
464 2709 695 2853 duodenisLsere
716 2709 779 2774 die·

645 2813 667 2856 v
761 2811 764 2816 .
