1975 3575
176 248 406 323 Hrsnun.
429 247 612 325 nbnlv.
667 278 730 354 1²3

93 365 210 434 Ceteri>
224 371 357 432 vinorum
373 369 567 433 medicaminis
581 387 659 435 tanta
668 384 737 437 cula

56 449 118 524 cst,
129 467 161 511 ut
179 453 277 511 cinere
296 449 374 531 apud
395 450 554 533 quosdam,
574 472 626 513 ceu
637 456 736 537 gypso

57 533 137 606 nni,
149 533 184 593 δι
197 533 302 613 quibus
316 530 441 591 diximus
459 532 571 604 modis,
579 532 736 597 instauren-

58 629 111 683 tur.
138 610 201 672 Sed
226 614 391 685 cineretne
413 613 480 672 vitis
503 610 665 687 sarmentis,
683 634 734 679 aut

59 713 161 783 quercu
170 691 338 774 praeserunt.
349 690 433 770 Quin
443 694 476 753 δι
484 695 625 754 marinam
634 715 736 777 aquam

57 771 183 852 elusdenn
192 775 235 832 rei
247 772 337 855 gratii
345 792 380 832 ex
391 774 451 834 alto
470 775 530 853 peti
543 769 666 852 jubent,
678 774 737 837 ser·

57 855 174 936 ratique
190 851 415 934 abaequinudio
442 873 556 928 verno,
582 873 631 916 aut
655 856 738 918 cette

61 932 138 995 node
153 932 292 1003 solstitio,
311 935 344 994 δι
364 931 513 1015 Aquilone
531 934 618 995 flante
639 934 740 997 hauri·

62 1014 192 1089 ti,relsi
213 1015 293 1075 circa
312 1013 491 1076 vindemiam
510 1014 674 1092 hauriatur,
687 1016 740 1083 de·

65 1117 97 1159 co
143 1139 152 1156 .

98 1115 158 1235 qsin
171 1175 203 1235 in
220 1173 308 1237 Italia
334 1173 372 1235 ad
395 1173 461 1236 vasa
481 1175 554 1237 vino
577 1176 737 1241 condendo

65 1256 180 1316 naxintd
219 1257 340 1316 robatur
358 1253 464 1316 Brutia.
482 1255 529 1316 Fit
548 1276 565 1316 e
606 1261 675 1320 icem
688 1279 736 1335 re·

66 1336 135 1409 sini,
149 1338 180 1396 in
196 1277 341 1419 llispaniai
359 1352 457 1396 autern
475 1355 492 1395 e
517 1278 663 1416 mundns,
680 1341 739 1399 rni-

65 1415 134 1477 uime
149 1417 274 1477 laudata
293 1413 343 1476 Est
354 1417 431 1476 enim
445 1418 539 1476 resina
548 1417 647 1477 lrarutn
658 1438 737 1496 ama-

69 1515 95 1555 ta
107 1499 137 1558 &
151 1499 248 1571 arida,
266 1497 395 1578 &gravi
411 1496 515 1557 odore.
534 1493 737 1561 Differentiam

69 1577 259 1661 rationemque
278 1576 401 1637 faciendi
422 1579 558 1659 proximo
587 1579 739 1655 volumine

69 1654 318 1721 demonstrabimus
325 1659 399 1717 inter
410 1657 528 1719 arbores
539 1656 624 1719 feras.
641 1657 737 1736 Vitia,

69 1754 160 1817 preter
174 1737 261 1821 suprd
280 1737 366 1813 disin,
377 1755 511 1814 acoraut
530 1736 673 1804 fumidum
692 1743 737 1803 vi·

70 1838 126 1880 rust
141 1823 215 1903 picis
229 1837 344 1895 autem,
361 1818 488 1881 adustio:
502 1823 734 1902 experimentum

71 1901 150 1976 verb,
161 1905 184 1971 si
202 1900 361 1984 fragmenta
370 1899 548 1974 subluceant,
557 1922 591 1961 ac
602 1900 652 1962 sub
665 1903 735 1963 den·

70 1994 95 2039 te
108 1981 259 2044 lentescant
282 2001 367 2044 acore
385 1980 525 2061 jucundo.
545 1980 615 2041 Asia
634 1985 735 2079 picem

71 2056 166 2123 ldaeam
184 2057 566 2143 maximdprubatssraecia
578 2060 735 2140 Piericam,
802 2111 805 2117 .

70 2136 196 2223 virginus
211 2143 378 2225 Naryciam.
403 2141 612 2225 Diligentiores
629 2142 738 2213 adinis-v

71 2239 130 2283 cent
152 2227 262 2309 nigrant
280 2222 453 2295 mastichen,
483 2244 529 2283 uae
546 2224 576 2280 in
589 2221 683 2285 Ponto
691 2226 736 2286 bi-

71 2301 173 2370 suminis
191 2305 291 2366 similis
308 2245 502 2386 gignitur‚<dt
519 2303 566 2359 iris
585 2303 735 2376 radicem,

70 2382 226 2468 oleumque.
249 2386 328 2446 Nam
343 2402 440 2444 terant
460 2380 666 2460 accipientibus
683 2404 737 2445 va·

72 2463 105 2522 sis
113 2484 291 2550 compertum
300 2464 342 2526 esl
349 2467 416 2524 vina
430 2460 571 2523 acescere.
582 2457 641 2521 Sed
652 2475 738 2536 trans·

71 2539 138 2605 serre
148 2550 178 2606 in
194 2567 231 2608 ea
248 2546 330 2619 vasa,
346 2547 376 2605 in
393 2545 494 2626 quibus
506 2558 621 2604 acetum
635 2539 737 2618 fuerit,

72 2623 177 2702 utilius,
192 2626 282 2709 quint
297 2628 327 2685 in
344 2645 393 2698 ea,
408 2628 439 2683 in
458 2623 562 2706 quibus
583 2624 668 2696 dulce
688 2641 738 2685 aut

71 2704 193 2768 mulsum.
206 2706 282 2768 Cato
293 2705 391 2787 jubet,
405 2708 473 2765 vina
483 2705 648 2780 concinnari
659 2701 737 2786 (hoc

71 2785 141 2849 euim
158 2790 245 2851 utitur
262 2784 374 2869 verbo)
388 2786 489 2849 cineris
506 2784 675 2924 lixivi}cum
685 2785 736 2858 de·

615 2887 634 2946 Ι1
