1975 3575
224 222 291 319 178
341 221 376 294 c.
397 224 579 293 Prrnrr
605 225 788 296 Nnrun.

218 343 335 425 publico
361 343 391 400 in
411 343 557 424 privatum
580 343 642 425 agi,
665 341 783 425 singulis
818 343 890 405 eci·

217 425 298 484 vium
308 423 416 505 quaeri,
434 419 606 483 sacrosaneta
617 426 714 483 omnia
726 445 778 505 pro
808 445 843 484 na
854 424 891 484 fa·

217 523 312 575 cere,
337 521 401 563 tunt
422 523 441 563 a
458 503 580 583 pedibus
611 524 714 564 eorum
735 503 844 566 subiere
864 508 891 565 in

216 586 310 665 capita
326 586 435 645 civium
447 582 544 646 rostra.
566 577 658 644 Dedit
667 585 740 645 hane
752 583 889 668 Augustus

214 685 357 726 coronam
379 664 535 760 Agrippae:
549 661 599 725 sed
615 666 737 728 civicam
756 687 775 727 a
790 686 890 750 genere

215 745 345 808 humano
361 762 473 827 accepit
492 742 562 827 ipse.

257 825 312 888 IV.
325 824 493 908 Antiquitus
510 826 629 908 quidem
641 826 738 899 nulla,
752 827 807 886 nisi
818 827 888 903 deo,

215 907 338 968 dabatur
351 930 359 969 r
371 907 413 969 ob¹
421 907 452 968 id
462 906 609 969 Homerus
620 908 692 969 caelo
703 910 816 968 tantum
827 929 887 982 eas,

216 989 251 1051 δι
272 988 378 1085 proelio
395 986 530 1050 universo
551 988 650 1051 tribuit
664 1011 673 1049 ι
687 990 796 1050 viritim
818 991 886 1050 veti
961 994 962 1009 *

216 1090 253 1129 ne
271 1091 302 1129 m
320 1071 476 1129 certamine
539 1070 617 1130 idem
635 1069 701 1143 [ulli.
730 1069 886 1152 Feruntque

237 1152 340 1210 rimurn
357 1152 488 1211 omnium
532 1150 644 1211 iberum
684 1167 776 1211 atrem
796 1152 886 1232 impo-

214 1171 296 1292 iuiffe
317 1252 351 1291 ca
372 1233 403 1291 iti
418 1230 469 1291 suo
489 1250 526 1290 ex
542 1231 640 1292 ederi.
656 1172 757 1292 disten
769 1232 885 1293 deorum

215 1310 321 1372 honori
341 1250 528 1377 sacrificantes
546 1310 607 1372 sum
629 1310 835 1386 sere,viiiimis
850 1315 886 1374 si·

215 1393 277 1460 mu]
292 1395 445 1454 coronatis.
462 1333 629 1455 Novissimi
643 1393 675 1454 δι
690 1395 720 1452 in
736 1392 820 1455 sacris
830 1413 884 1455 cet·

214 1475 368 1535 taminibus
386 1473 526 1556 usurpata
543 1496 551 1535 r
570 1475 600 1535 in
620 1473 723 1557 quibus
745 1474 882 1558 hodieque

214 1575 274 1616 non
293 1553 397 1616 videri
418 1553 520 1629 datur,
533 1552 583 1616 sed
603 1555 725 1637 patriam
738 1557 826 1618 abeo
839 1576 883 1617 co·

214 1638 311 1696 ronari
341 1638 550 1715 pronuntiatur.
577 1633 649 1696 lnde
667 1653 787 1710 narum,
807 1654 837 1698 ut
854 1637 884 1698 ὀί

211 1715 425 1797 triumphaturis
450 1715 649 1777 conferrentur
664 1718 694 1776 in
711 1717 827 1800 templis
846 1718 882 1778 di·

212 1797 328 1870 candae:
341 1816 410 1856 mox
423 1813 455 1856 ut
466 1797 584 1860 &ludis
598 1798 743 1862 darentur.
757 1799 820 1861 Lon
855 1818 882 1859 m

213 1875 271 1951 est,
289 1895 343 1937 nee
361 1875 479 1937 instituti
488 1881 603 1960 operis,
618 1878 754 1941 disserere
764 1884 813 1963 qui
824 1901 881 1941 nam

210 1957 530 2039 Romanornmprimus
538 1980 607 2028 acce
631 1963 800 2044 eritrneque
812 1964 881 2024 enirn

209 2037 279 2098 alias
297 2055 456 2112 noverant,
471 2040 558 2121 quiam
573 1981 700 2102 heilicas.
718 2042 813 2124 Quod
828 2064 882 2106 eer-

209 2135 272 2180 tum
290 2119 349 2194 est,
364 2121 414 2180 uni
434 2123 564 2203 gentium
579 2124 645 2184 huic
664 2123 747 2205 plura
763 2123 826 2187 sunt
835 2145 882 2209 ge·

211 2221 297 2273 nera,
330 2200 396 2262 uam
417 2201 534 2264 tundis.
846 2246 849 2250 ,

249 2281 288 2345 V..
309 2224 452 2345 damulus
462 2282 584 2346 fronded
594 2287 747 2346 coronavit
761 2284 852 2348 Hostu

134 2367 139 2380 ‘
208 2362 382 2437 Hostilium,
402 2365 481 2447 quod
498 2364 636 2428 Fidenam
652 2368 762 2447 primus
780 2363 879 2448 irrupis-

208 2442 259 2503 set.
283 2446 367 2507 Avus
388 2445 435 2505 hic
455 2444 536 2505 Tulli
554 2445 669 2523 Hostilii
689 2450 766 2530 regis
782 2448 840 2509 fuit
849 2445 876 2507 P.

206 2521 334 2587 Decium
353 2541 479 2607 partem,
500 2526 646 2596 tribunum
659 2528 879 2602 militum‚fron·

206 2605 262 2665 dea
278 2606 400 2674 donavit
420 2611 561 2669 exercitus
571 2608 608 2668 ab
621 2628 658 2669 eo
675 2607 818 2681 servatus,
832 2611 879 2667 im·

205 2702 338 2761 peratore
359 2684 502 2749 Cornelio
515 2686 605 2750 Coffo
622 2689 755 2763 consule,
772 2687 877 2751 Samni·
959 2761 960 2764 Ἴ

202 2765 274 2826 tium
284 2767 375 2832 bello.
392 2765 500 2834 Civica
508 2771 594 2854 iligna
604 2771 704 2851 ‚primo
720 2769 792 2849 fuir,
802 2767 875 2852 post·
895 2851 897 2856 ,
