1975 3575
297 260 504 333 Htsrott.
527 261 601 333 Lib.
620 258 718 334 Xlll.
770 231 812 359 83

105 375 233 463 Copto
251 400 306 462 pet
326 378 493 441 solitudines
512 380 581 441 nihil
601 384 694 464 gigni,
708 401 816 462 ptaeter

109 462 262 544 spinam,
280 482 343 542 quae
361 463 459 522 sitiens
474 477 609 533 vocatur,
634 465 666 524 ὃ(
684 462 757 523 ltanc
769 484 813 522 ra·

15 545 28 620 .’λ
112 564 191 603 ram
210 542 395 603 admodum:
414 544 444 601 in
462 545 535 602 mari
554 543 626 603 verb
645 542 746 604 Rubro
766 544 815 604 sil-

14 625 33 704 ζ,
116 644 182 683 vas
203 625 329 696 vivere,
350 622 462 683 laurum
493 624 638 698 maxime,
655 626 687 687 dt
707 624 818 686 olivam

14 787 29 850 ’.
122 787 182 865 qui
198 782 271 845 Sole
286 782 351 843 tasli
372 800 517 844 mutantur
534 786 564 844 in
580 786 735 867 pumicem.

14 695 35 784 J
119 702 278 764 serentem
299 703 420 775 baccas,
440 704 472 764 δι
489 706 559 764 citm
576 704 674 785 pluat,
691 702 815 846 fungos,

769 807 816 846 ru·

14 844 33 868 .
122 868 223 925 ticum
242 863 368 946 ipsorum
385 865 554 948 magnitudo
570 863 686 925 temtim
704 865 815 928 cubito·

16 945 26 957 J
123 966 198 1007 rum
207 944 250 1006 est
265 967 273 1005 t
292 945 427 1005 caniculis
443 944 570 1020 resecta,
585 950 637 1007 vix
654 963 686 1006 ut
707 945 818 1029 prospi-

127 1047 202 1087 cere
218 1029 315 1087 enavi
333 1042 429 1085 tutum
446 1029 504 1102 sit,
525 1047 624 1089 remos
644 1027 818 1109 plerumque

128 1105 213 1188 ipsos
232 1106 443 1168 invadentibus.

175 1187 226 1248 Ll.
245 1186 309 1268 Qui
327 1188 501 1269 navigavere
514 1188 544 1247 in
557 1185 645 1248 lndos
656 1186 817 1248 Alexandri

128 1268 261 1342 milites,
274 1267 410 1328 frondem
425 1270 597 1328 marinarum
611 1267 746 1330 arborum
759 1286 818 1329 tra·

129 1349 239 1409 didere
258 1351 288 1408 in
308 1347 382 1430 aqud
400 1348 526 1409 viridem
543 1346 819 1431 suille,exemptam

130 1427 205 1490 Sole
225 1445 356 1512 protinus
377 1430 408 1488 in
425 1427 514 1489 salem
537 1426 725 1489 arescentem.
748 1428 820 1490 Jun-

129 1530 188 1570 cos
209 1530 328 1592 quoque
347 1509 375 1570 la
396 1509 479 1572 ideos
498 1529 638 1592 perquam
651 1508 759 1569 similes
767 1529 821 1571 ve·

130 1592 173 1650 tis
186 1611 241 1673 per
259 1589 355 1651 litora:
369 1530 401 1651 dt
419 1592 449 1649 in
464 1589 525 1651 alto
543 1588 680 1671 quasdam
691 1587 823 1652 arbuscui

129 1672 176 1731 las
197 1670 300 1732 colore
323 1669 423 1733 bubuli
448 1670 554 1733 corutis
576 1668 820 1743 ramosas,&ca·

129 1753 297 1813 cuminibus
312 1752 464 1814 rubentes:
481 1754 548 1814 ci1m
558 1750 765 1825 traderentur,
776 1753 820 1814 vi·

129 1837 169 1894 tri
189 1834 283 1895 modo
300 1832 432 1913 fragiles,
449 1836 479 1893 in
499 1835 508 1893 i
529 1854 564 1894 ne
592 1851 688 1894 autem
709 1850 742 1895 ut
760 1831 821 1894 fer·

131 1935 200 1975 rum
222 1912 446 1990 inardescentes,
464 1854 601 1991 tellmsiis
634 1915 735 1976 colore
764 1913 818 1976 suo

132 1995 289 2056 redeunte.
313 1993 427 2056 Eodem
447 1994 536 2057 tnuu
556 1993 712 2055 insularum
730 1994 819 2059 silvas

135 2078 234 2158 operit
250 2073 353 2149 aestus,
373 2096 546 2158 quamquam
560 2075 677 2136 altiores
696 2074 820 2157 platanis

135 2154 306 2240 populisque
327 2154 480 2217 altissimis.
500 2156 580 2217 Folia
598 2156 632 2215 iis
651 2156 723 2216 lauri
733 2200 744 2228 ,
761 2156 820 2217 flos

136 2238 224 2299 violae
238 2239 270 2298 &
282 2237 376 2298 odore
390 2238 423 2297 ὃ(
435 2236 543 2311 colore.
555 2236 674 2309 Baccae‚
689 2253 720 2295 ut
728 2235 820 2308 oleis,

136 2319 171 2380 &
184 2316 251 2399 ipsae
268 2318 370 2379 odoris
389 2315 528 2395 jucundi,
545 2333 681 2375 autumno
698 2314 822 2375 nascen-

136 2416 181 2459 tes
195 2444 205 2473 ‚
223 2398 300 2460 soliis
320 2417 480 2478 numquam
491 2395 631 2454 deciduis.
643 2394 752 2453 Harum
764 2397 821 2455 mi·

137 2500 225 2540 nores
243 2495 320 2540 totas
339 2479 439 2561 integit
458 2496 547 2538 mare.
569 2475 762 2536 Maximarum
773 2497 822 2536 ca·

138 2561 252 2620 cumina
266 2557 392 2629 exstant,
408 2558 445 2618 ad
464 2579 529 2639 quae
544 2577 635 2617 naves
646 2555 819 2635 religantur,

138 2641 171 2702 ἃ
189 2641 257 2700 cum
274 2641 391 2700 recessit
411 2636 514 2711 aestus,
534 2637 570 2696 ad
595 2636 716 2696 radices.
739 2635 822 2697 Alias

138 2739 257 2802 quoque
278 2719 396 2779 arbores
418 2721 448 2780 in
466 2718 527 2778 alto
546 2717 583 2777 ab
604 2714 714 2780 eisdem
739 2736 823 2778 acce·

139 2820 233 2883 prmus
257 2799 364 2863 eodem
381 2801 411 2862 in
429 2800 502 2864 mari
521 2796 595 2862 visas
607 2795 751 2961 ‚gegqper
771 2797 821 2862 so·
