1975 3575
222 278 296 356 324
343 250 380 324 C.
400 253 583 324 Pzrurr
609 252 792 326 ΝΛΜ.

219 375 294 438 nasci
311 371 426 448 solent,
440 371 582 446 cochleae,
604 371 759 452 peculiaria
777 371 887 436 ficorum

217 458 303 517 vitia:
315 474 372 515 nec
382 455 492 535 ubique
505 475 512 513 ι
523 451 584 514 sunt
592 454 669 513 enim
679 454 808 535 quaedam
818 456 886 537 aegri·

216 535 333 598 sudines
350 536 384 596 &
400 535 541 595 locorum.

225 638 229 651 ·
258 615 373 676 Verum
390 632 423 675 ut
438 615 548 674 homini
567 633 726 676 nervorum
740 619 886 690 cruciatusJ

214 696 259 759 sic
278 698 312 758 δι
330 695 443 766 arbori,
454 717 487 755 ac
500 694 616 755 duobus
627 696 708 776 aequd
719 694 885 767 modisYAut

217 779 298 838 enim
316 777 346 835 in
367 775 475 854 pedes,
492 775 551 835 ltoc
566 774 627 848 est,
649 776 778 846 radices,
793 778 883 836 irrum-

215 860 262 939 pit
277 858 322 917 vis
341 857 456 917 morbi:
476 872 526 914 aut
545 858 575 915 in
595 856 746 930 articulos,
759 857 813 917 boc
829 855 881 929 eil,

216 938 399 998 cacuminum
420 937 544 1017 digitos,
566 938 616 1018 qui
636 935 802 1018 longissimd
817 954 880 997 ato·

215 1035 250 1078 ro
260 1037 384 1100 corpore
394 1033 511 1079 exeunt.
518 1015 681 1077 inarescunt
690 1037 778 1099 ergo:
789 1018 819 1080 δι
829 1016 880 1077 sunt

215 1118 235 1157 a
256 1097 295 1157 ud
320 1095 451 1170 Graecos,
464 1097 513 1156 sua
532 1099 651 1158 nomina
670 1100 785 1179 utrique
807 1098 881 1158 vitio,

268 1178 355 1259 dique
375 1178 469 1258 primb
489 1176 590 1248 dolor,
602 1198 673 1237 mox
683 1178 716 1239 ὅ(
728 1179 830 1238 macies
838 1197 878 1238 ea·

213 1279 279 1319 rum
286 1261 408 1339 partium
414 1257 536 1340 fragilis,
546 1256 795 1339 polirembtabes,
803 1259 880 1318 morl·

215 1356 289 1420 qne,
307 1360 367 1398 non
378 1342 503 1399 intrante
519 1338 605 1399 succo
615 1382 626 1410 ,
644 1355 693 1399 aut
711 1360 771 1399 non
789 1353 878 1420 petve-

213 1421 332 1479 niente:
354 1419 537 1499 maximkque
559 1420 590 1478 id
611 1417 659 1478 fici
682 1416 876 1481 sentiunt&-

212 1497 332 1580 prificus
351 1499 484 1561 omnibus
505 1500 640 1561 immunis
651 1497 712 1575 est,
727 1522 789 1583 quae
796 1500 876 1560 adhuc

212 1580 347 1639 diximus.
376 1577 493 1640 Scabies
519 1582 642 1662 gignitur
668 1583 782 1643 roribus
804 1581 876 1641 lentis

233 1657 276 1719 0st
285 1659 438 1741 Vergilias.
458 1659 536 1720 Nam
545 1664 568 1721 si
577 1663 698 1721 rariores
708 1660 805 1737 fuere,
816 1679 877 1743 per·

209 1680 336 1800 bandum
342 1741 497 1811 arborem,
511 1762 571 1802 non
590 1739 718 1824 scalpunt
729 1741 826 1805 scabie.
842 1740 877 1802 Et

231 1820 301 1879 rossi
323 1820 444 1894 cadunt,
463 1825 487 1881 si
507 1823 558 1883 vel
573 1823 681 1883 imbres
700 1827 780 1884 nimii
794 1822 875 1885 fuere.

240 1900 280 1959 lio
290 1900 382 1966 modo
392 1899 463 1962 ficus
475 1902 586 1962 laborat
599 1901 745 1964 radicibus
756 1904 875 1966 madidis.

219 2009 222 2020 .
247 1979 364 2041 Vitibus
381 1999 485 2062 praeter
505 1983 775 2047 vermiculationem
793 1986 823 2048 &
841 1985 875 2044 si·

203 2058 388 2121 demtionem
405 2063 524 2124 morbus
541 2063 690 2144 peculiaris
708 2065 875 2136 articulatio,

205 2141 296 2203 tribus
307 2142 344 2204 de
355 2146 446 2204 causis
457 2167 465 2205 τ
480 2143 555 2217 und,
564 2146 596 2206 vi
607 2145 806 2226 tempestatum
816 2164 876 2227 ger·

204 2222 329 2285 minibus
340 2224 457 2285 ablatis:
470 2225 579 2298 alteri,
599 2241 631 2285 ut
652 2229 767 2288 rotavit
782 2225 876 2286 'llteo-

203 2302 354 2385 phrastus,
368 2307 397 2365 in
415 2305 547 2387 supinum
569 2307 692 2367 excisis:
707 2307 809 2378 testib,
819 2306 876 2367 cul-

202 2401 277 2444 turae
295 2386 437 2464 imperitid
457 2386 541 2445 laesis.
565 2383 679 2446 Omnes
693 2391 773 2448 enim
784 2405 874 2447 earum

201 2462 314 2544 injuriae
334 2467 364 2524 in
385 2467 507 2526 articulis
535 2464 700 2528 sentiunmr.
721 2466 875 2528 Sideratio·

198 2547 247 2604 nis
263 2565 352 2627 genus
373 2543 463 2605 estin
484 2547 529 2605 his
551 2546 876 2621 deflorescentibus‚ro·

199 2625 290 2685 ratio:
304 2640 352 2686 aut
368 2627 434 2686 clim
454 2629 545 2700 acini,
559 2625 722 2710 priusquam
734 2627 874 2700 crescant,

199 2705 401 2786 decoquuntur
417 2709 447 2766 in
466 2707 578 2768 callum.
603 2707 756 2789 AEgrotant
767 2711 799 2772 δι
810 2711 874 2769 cbm

198 2782 306 2858 alfere,
320 2787 393 2850 laesis
405 2788 526 2857 uredine
538 2786 714 2854 'attonsarum
726 2790 828 2855 oculis
837 2786 873 2854 Et
918 2833 921 2840 «
