1975 3575
182 262 392 339 Hrsroa.
417 264 492 339 Lib.
516 262 629 340 xvu.
681 247 753 365 317

84 382 196 468 pariete,
206 387 254 450 vel
264 386 356 470 sepe,
374 385 425 447 vel
436 383 569 447 fossarum
582 388 680 471 utique
692 391 752 448 im-

86 469 182 550 pendio
199 470 305 529 muniri
330 466 360 529 se
380 489 417 528 co
438 468 470 529 ‘t.

119 547 149 608 Iu
164 547 275 610 arbusto
293 568 311 610 e
329 548 419 630 praedi
447 549 470 607 ‘s
491 545 552 608 sola
562 548 751 610 viviradicum

87 631 161 700 ratio,
174 630 242 689 item
283 630 472 710 ropaginum,
488 629 521 689 &
537 627 599 688 haec
641 632 749 704 emina,

87 707 243 770 urdiximus.
254 651 423 789 &ualomm
436 711 467 768 in
482 705 545 790 ipso
555 646 683 769 tabulato
695 729 750 770 rna·

87 788 302 928 nmlprobata,
320 792 457 873 quoniam
476 809 493 848 a
510 807 618 869 pecore
640 790 749 849 tutissi-

87 885 155 928 mae
176 910 185 928 .
206 868 326 941 Altera,
348 868 462 931 deflexi
480 869 541 930 vite
561 867 611 929 vel
629 869 753 949 palmite

86 940 151 1022 iuxta
165 947 239 1009 suam
253 949 414 1021 arborem,
432 964 481 1007 aut
498 950 573 1008 circa
583 949 753 1029 proximam

88 1026 206 1088 celibem.
216 1028 312 1109 Quod
333 1029 417 1110 supra
429 1045 535 1088 terram
551 1025 592 1087 est
607 1048 624 1088 e
637 1044 730 1089 matre
738 1072 751 1101 ,

87 1106 136 1165 radi
142 1105 269 1184 jubetur,
284 1130 324 1172 ne
339 1107 467 1169 fruticet.
477 1106 511 1167 lu
523 1107 668 1169 terrlnon
679 1129 754 1190 pau·

88 1185 165 1247 tiores
177 1208 306 1269 gemmas·
316 1206 442 1272 quatuor
455 1189 614 1248 obruuntur
630 1189 667 1248 ad
676 1189 752 1248 radi·

86 1282 139 1325 cern
154 1271 342 1350 capiendamt
364 1267 444 1330 extrd
456 1270 487 1327 in
502 1269 596 1349 capite
614 1267 690 1328 binae
704 1288 752 1330 re·

86 1342 117 1404 lin
134 1366 238 1412 uunrur.
257 1351 342 1412 Vitis
352 1350 383 1409 in
394 1347 509 1410 arbusto
523 1363 646 1430 quatuor
657 1348 750 1429 pedes

61 1367 203 1510 'indongo
219 1431 358 1504 constat,
383 1430 464 1492 omni
484 1427 563 1490 sulco
588 1443 647 1487 tres
669 1429 750 1502 lato,

86 1502 207 1571 altoduos
225 1534 293 1572 cum
318 1510 475 1592 semipede.
487 1504 556 1570 Post
566 1528 751 1590 annumpro·

88 1601 148 1677 pago
174 1591 312 1654 inciditur
339 1591 376 1650 ad
396 1589 573 1663 medullam,
601 1606 633 1650 ut
650 1589 750 1672 paula·

87 1678 128 1723 um
142 1670 275 1733 radicibus
297 1670 355 1732 suis
381 1670 538 1732 adsuescat:
552 1671 639 1731 caulis
660 1691 678 1729 a
698 1692 748 1732 ca-

87 1744 135 1823 pite
150 1750 183 1811 ad
198 1753 266 1815 duas
287 1771 418 1837 gemmas
431 1751 582 1814 reciditur:
594 1752 680 1813 tertio
699 1768 748 1815 to·

89 1838 125 1918 φᾶ
138 1847 245 1915 mergus
265 1833 458 1908 abscinditur,
479 1833 687 1915 reponiturque
706 1833 748 1893 al·

88 1906 168 1970 fllsin
186 1929 311 1990 terram,
323 1932 361 1973 ne
373 1934 409 1974 ex
418 1912 509 1973 reciso
521 1912 663 1974 frondeat.
674 1911 750 1986 Tob

89 1979 105 2041 li
118 1991 246 2055 viviradix
266 2016 284 2055 a
298 1992 447 2055 vindemia
462 1993 593 2074 protinus
607 1992 706 2054 deber.

119 2064 211 2151 Nuper
220 2091 386 2155 repertum,
401 2073 556 2133 draconem
566 2069 658 2132 serere
669 2071 751 2153 juxta
768 2131 772 2138 ,

88 2143 221 2213 arborem:
238 2155 279 2213 ita
294 2153 471 2232 appellamus
496 2151 644 2231 palmitem
670 2171 754 2211 emer

88 2223 172 2299 litum,
182 2229 541 2313 pluribusqueinduratum
556 2230 646 2288 annis.
663 2230 750 2291 Hunc

88 2309 219 2380 praecisum
229 2312 317 2394 quam
325 2309 500 2371 maximlam
521 2307 758 2392 litudine,tribus

88 2388 197 2460 tutibus
218 2392 407 2476 longitudinis
424 2390 492 2452 dera
541 2388 664 2461 cortice,
682 2410 755 2471 qua·

87 2472 156 2526 tenus
168 2470 322 2545 obruatur,
335 2471 433 2555 (unde
446 2469 602 2534 &rasilem
611 2468 750 2551 vocant,)

87 2538 236 2624 deprimere
262 2554 361 2629 sulco,
382 2551 493 2634 reliqua
515 2566 595 2632 parte
611 2548 649 2608 ad
665 2549 751 2610 arbo·

87 2637 138 2712 {em
156 2631 264 2694 eredit
281 2636 448 2696 ocissimum
469 2636 499 2692 in
517 2634 597 2693 vite:
610 2627 640 2689 Si
659 2631 751 2713 graci·

86 2697 115 2757 hs
130 2707 163 2765 sit
179 2713 247 2772 vitis
264 2732 311 2775 aut
328 2732 426 2787 terra,
445 2717 579 2773 usitatum
601 2706 641 2769 est
662 2711 750 2792 quam

87 2788 205 2856 mxime
217 2790 308 2857 solunt
326 2796 437 2868 decidi,
448 2794 545 2856 donec
559 2787 688 2880 firmetur
702 2813 749 2855 ra·

550 2868 581 2935 O
598 2873 628 2953 ii]
