1975 3575
233 299 259 369 6
328 294 365 366 C.
387 293 573 364 ΡιιΝιι
598 293 796 366 Nurum

233 413 358 475 Pomum
377 415 387 473 i
409 410 471 474 sum
492 411 563 473 aIiIs
581 432 642 473 non
661 412 822 474 manditur:
839 412 920 475 odo&

233 515 266 554 re
282 432 422 575 pracelIit
439 493 578 556 foliorum
596 495 732 575 quoque,
747 497 798 577 qui
816 497 919 555 transit

176 598 179 603 ⁷
233 578 265 634 in
283 572 380 636 vestes
397 574 454 635 uni
476 575 630 647 conditus,
647 591 784 655 arcetque
802 577 919 636 anima·

234 656 308 716 lium
325 658 421 717 noxia.
438 654 539 717 Arbor
552 652 611 737 i'psa
626 656 761 717 omnibus
773 654 852 716 boris
864 676 920 738 poa

144 747 147 753 '
233 735 338 798 misera
350 734 409 811 est,
428 736 490 797 aliis
507 734 692 807 cadentibus,
710 734 920 800 aliismatures·

235 816 387 890 centibus,
401 817 463 878 aliis
484 819 557 879 verb
573 814 813 878 subnascentibus.
834 814 920 879 Ten·

236 915 338 959 tavere
365 915 464 981 gentes
491 895 644 958 transferre
666 897 703 957 ad
721 894 781 959 sese
798 915 921 980 propter

236 980 358 1041 'remedii
380 977 572 1060 praestantiam
583 976 712 1038 fiussibus
724 980 754 1037 in
765 979 860 1053 vasis,
872 978 922 1037 da·

236 1076 270 1120 to
280 1082 332 1142 per
341 1079 476 1121 cavernas
488 1058 630 1118 radicibus
646 1055 837 1139 spiramento:
849 1079 922 1154 qua·

234 1137 306 1200 liter
317 1139 416 1199 omnia
424 1141 573 1199 transitura
582 1138 695 1218 longius
701 1137 755 1199 seri
762 1135 922 1200 ardissrme

234 1217 440 1301 transferrique
457 1215 618 1279 meminiffe
636 1221 811 1292 conveniet,
827 1236 860 1279 ut
874 1217 922 1280 se-

234 1297 298 1362 mei
312 1317 434 1383 quaeque
455 1298 594 1360 dicantur.
615 1295 673 1359 Sed
688 1302 742 1360 nisi
761 1299 838 1381 apud
850 1298 918 1361 Me·

235 1382 311 1457 dos,
326 1383 359 1445 ἃ
372 1383 402 1441 in
418 1381 554 1450 Perside,
572 1377 647 1439 nasci
664 1380 767 1441 noluit.
791 1380 862 1440 Hrec
875 1378 920 1442 est

237 1483 353 1532 autem,
367 1459 447 1540 cujus
474 1480 562 1541 grana
586 1458 756 1520 Parthorum
781 1480 921 1541 proceres

238 1547 396 1623 incoquere
423 1540 547 1601 diximus
577 1538 746 1614 esculentis,
768 1561 922 1602 commen·

236 1622 326 1682 dandi
347 1620 450 1682 halitus
465 1622 563 1705 gratia.
579 1619 709 1683 Necalia
720 1619 806 1685 arbor
820 1621 921 1683 lauda·

238 1704 334 1764 turin
351 1700 462 1765 Medis.
645 1705 648 1710 “
987 1746 988 1775 f

234 1816 239 1825 .
278 1779 360 1843 VIII.
382 1804 412 1858 4.
439 1780 590 1864 Lanigeras
613 1778 715 1842 Serum
734 1782 763 1841 in
786 1782 925 1844 mentio-
987 1784 988 1862 I

236 1864 393 2003 nebgentis
418 1860 479 1940 ejus
492 1943 498 1956 Ι
511 1863 696 2002 nzcrlrravimutsJ
708 1881 716 1920 ε
737 1862 807 1920 item
828 1861 922 1926 Indiae
987 1877 988 1882 ’

236 1959 641 2107 izft‘iffn‘diffli‘tffiit·
668 1960 924 2085 adduit&

237 2123 310 2163 num
337 2144 348 2175 ‚
382 2101 520 2184 nusquam
558 2100 628 2162 alibi
662 2100 739 2163 nasci
768 2099 922 2184 profeffus.

237 2181 408 2246 Herodorus
436 2202 502 2243 eam
527 2180 683 2266 AEthiopiae
716 2184 837 2264 intelligi
856 2205 922 2244 ma·
986 2204 987 2253 ;

237 2265 316 2338 luit,
341 2258 373 2324 in
396 2263 497 2325 tributi
522 2266 620 2326 vicem
646 2285 677 2327 re
698 2263 760 2323 'bus
793 2263 922 2325 Persidis

237 2368 258 2408 e
279 2348 400 2408 materie
421 2344 484 2428 ejus
505 2362 640 2406 centenas
656 2285 808 2424 prlangas
828 2347 921 2406 tertio
986 2354 987 2357 ’

238 2447 359 2510 quoque
382 2446 459 2487 anno
486 2420 639 2505 pensitasse
662 2420 835 2502 AEthiopas,
851 2444 920 2484 cum

238 2528 311 2568 auro
331 2507 363 2566 δι
382 2505 489 2578 ebore,
508 2500 670 2584 prodendo.
692 2499 763 2562 Non
782 2504 919 2566 omitten-

239 2588 311 2650 dum
327 2584 357 2644 id
375 2603 492 2666 quoque
505 2605 514 2643 c
528 2584 649 2643 vicenos
668 2580 770 2641 dentes
782 2581 919 2665 elephan-

235 2685 339 2728 torum
360 2665 501 2748 grandes,
515 2664 651 2744 quoniam
670 2662 710 2722 ita
729 2659 919 2744 significavit,

239 2744 393 2828 AEtbiopas
416 2744 452 2805 ed
477 2743 516 2804 de
545 2743 630 2833 causi
656 2740 785 2825 pendere
808 2742 919 2807 solitos.

207 2862 225 2915 q
240 2822 336 2889 Tanta
356 2826 439 2891 ebori
456 2822 607 2889 audoritas
623 2841 701 2903 erat,
712 2823 800 2892 Urbis
814 2823 920 2894 nostra
