1975 3575
136 278 139 283 '
204 267 413 339 Hrsro'rt.
439 271 513 340 Lib.
538 268 636 341 XVI.
691 293 759 366 199

87 388 177 455 sidunt
187 387 254 450 folia
267 409 279 469 t⁴
291 388 354 449 aliae
372 385 546 472 sempiterni
557 387 642 450 comi
651 389 758 451 vitent.

89 469 180 550 Quam
197 467 389 531 differentiam
411 469 565 530 ·antetedat
585 466 694 530 neceffe
716 467 759 530 est

88 552 168 632 prior.
188 549 260 612 Sunt
278 552 358 611 enim
375 549 512 612 arborum
527 551 658 633 quedam
674 549 761 611 urba·

87 633 195 707 stiores,
212 653 283 714 quas
305 633 350 692 his
367 633 463 715 placet
483 631 647 692 nominibus
662 629 760 691 distin·

90 731 178 793 guere.
195 712 249 773 Hae
263 714 370 786 mites,
388 734 452 795 quae
469 710 582 784 frutiu,
600 727 650 773 aut
667 708 760 802 aliqui

90 793 172 867 dote,
186 793 388 854 umbrarumve
410 790 510 853 officio
536 793 689 852 humanius
712 812 760 871 Ju-

89 890 171 942 vaur,
190 894 250 934 non
267 873 403 955 improbe
418 873 548 934 dicantur
565 873 692 934 urbanae.

127 952 260 1016 XXXIII.
283 974 330 1015 20.
351 953 464 1014 Harum
483 957 583 1037 generi
604 975 664 1014 non
681 951 761 1013 deci·

88 1033 157 1099 dunt
166 1056 172 1095 τ
181 1034 253 1096 oleae
260 1080 269 1108 ‚
277 1035 380 1107 lauro,
389 1034 512 1116 palmae,
523 1051 639 1116 myrto,
648 1031 762 1114 cupres-

89 1112 137 1188 so,
165 1114 656 1196 inis‚ederae·,rhododendro‚&(
703 1124 762 1174 anr-

88 1197 133 1256 vis
144 1136 225 1256 Xetba
233 1196 363 1277 dicatur)
373 1194 486 1259 sabinae.
499 1136 760 1271 RhododenXIom

86 1292 118 1336 ut
137 1279 247 1339 nomine
266 1294 437 1359 apparet,a
457 1274 568 1337 Graecis
588 1279 679 1338 verrit.
699 1276 761 1338 Alii

87 1359 187 1421 nerim
202 1374 360 1430 vocarunt,
379 1356 764 1440 aliirhododaphnen,sem·

105 1440 224 1499 itemum
235 1439 340 1499 fronde
351 1485 359 1508 ‚
372 1436 442 1500 rosae
457 1439 661 1509 similitudine,
674 1437 763 1498 tauli-

84 1458 137 1579 Xus
155 1517 324 1581 fruticosum.
336 1519 352 1582 J
353 1521 476 1580 umentis
487 1519 635 1602 caprisque
648 1519 681 1580 &
697 1520 761 1579 ovi·

84 1599 136 1660 bus
151 1620 293 1662 venenum
303 1599 356 1662 est.
373 1599 455 1662 Idem
465 1601 576 1662 homini
589 1616 691 1661 contra
704 1598 763 1660 ser·

85 1682 211 1762 pentium
230 1703 345 1742 venena
356 1681 497 1743 remedio.

88 1789 94 1797 ·
123 1781 170 1824 21.
194 1760 370 1824 Silvesttium
388 1764 502 1847 generis
521 1760 589 1823 folia
604 1782 664 1824 non
684 1762 762 1824 deci·

86 1842 154 1908 dunt
170 1843 277 1919 abieti,
295 1844 385 1914 larici,
396 1842 538 1926 pinastro,
550 1843 684 1925 iunipero
696 1889 705 1917 ‚
716 1866 762 1906 ce·

86 1923 157 2000 tito,
177 1926 363 1999 terebintho,
381 1924 480 1999 buxo,
500 1926 574 1998 ilici,
594 1925 761 2008 aquifolio,

85 2002 191 2078 suberi,
203 2022 270 2066 taxo
284 2050 293 2078 ‚
309 2008 445 2066 tamarici.
456 2005 535 2066 Inter
544 2026 664 2089 utraque
694 2026 763 2074 ene·
840 2051 842 2054 ·

86 2105 114 2144 ra
131 2085 204 2146 sunt'
223 2088 365 2147 adrachne
385 2089 414 2145 in
435 2084 550 2147 Graecii
569 2132 579 2161 ‚
601 2089 633 2148 &
653 2028 761 2169 ufiique

85 2168 190 2227 uned0.
208 2166 335 2249 Reliqua
354 2172 433 2226 enim
452 2166 521 2226 folia
539 2168 674 2232 decidunt
701 2171 762 2238 his,

85 2266 272 2331 praeprquam
284 2252 314 2307 in
328 2245 532 2306 cacuminibus.
543 2247 613 2306 Non
626 2248 764 2310 decidunt

85 2345 180 2389 sutem
203 2330 235 2390 &
257 2331 287 2388 in
305 2327 442 2388 fruticum
461 2346 569 2407 genere
583 2328 696 2388 cuidam
716 2348 764 2387 ru-

84 2406 120 2467 bo
129 2411 191 2481 ,δι
203 2408 324 2471 calamo.
347 2406 381 2468 In
399 2405 534 2467 Thurino
550 2426 634 2501 agro,
651 2406 700 2465 ubi
712 2405 765 2487 Sy·

84 2484 154 2550 baris
164 2488 358 2570 fuir,exipsi
369 2485 441 2549 urbe
452 2486 766 2571 prospiciebaturquer·

85 2589 132 2628 tus
151 2592 230 2642 una,
247 2591 406 2652 numquam
422 2567 493 2631 folia
523 2568 686 2640 dimittens,
708 2589 765 2629 nee

85 2666 147 2710 unte
171 2650 299 2711 mediam
322 2650 450 2711 aestatem
479 2653 650 2734 germinans.
670 2648 764 2731 quue

85 2733 191 2791 mirum
206 2730 267 2803 est,
287 2730 397 2793 Grecis
417 2731 576 2793 {tutioribus
596 2730 762 2814 proditum,

86 2812 161 2891 spud
180 2833 235 2875 nos
255 2810 355 2896 postea
372 2812 458 2877 sileri.
473 2812 550 2896 Nam
562 2813 693 2954 lolcorum
704 2828 765 2873 ran·

623 2915 655 2957 ιν
