1975 3575
190 288 393 360 Hrsrou.
415 290 628 363 Liuxvlu.
681 312 750 391 355

45 468 46 507 p
82 429 140 482 tes,
157 428 262 490 praeter
295 407 391 469 fabam
411 453 421 482 ‚
443 407 545 490 easque
576 408 752 485 surculosus,

44 510 46 561 l
82 492 212 570 quianon
227 491 257 547 in
277 491 369 549 multa
391 489 558 551 dividuntur
575 513 583 552 r
599 491 751 553 altissimas

43 566 45 615 ἶ
81 587 166 629 autem
181 572 269 630 cicer.
297 569 452 630 frumenta
474 569 572 629 multis
590 571 751 632 radicantur

83 647 170 723 fibris,
188 652 251 709 sine
268 652 366 710 ramis.
388 648 522 731 Erumpit
541 672 558 710 a
578 652 674 731 primo
690 649 753 713 satu

82 729 213 790 hordeum
234 730 284 789 die
302 729 446 813 septimo:
468 734 615 814 legumina
628 747 751 813 quarto,

82 810 123 868 rel
142 812 206 870 cum
221 811 399 886 tardissime,
431 832 446 872 e
468 814 560 873 timo:
577 811 642 871 faba
659 833 676 871 a
695 827 752 872 xv.

81 889 112 948 ad
131 907 184 951 xx.
206 891 370 973 Legumina
383 895 414 951 in
468 910 563 974 gypto
583 895 672 953 tertio
693 891 754 951 die.

80 966 116 1029 Ex
134 970 246 1032 hordeo
266 974 395 1033 alterum
417 990 503 1053 caput
525 975 603 1054 grani
622 974 651 1031 in
679 970 756 1030 radi·

79 1069 134 1109 cem
156 1053 233 1124 exit,
253 1051 384 1112 alterum
409 1054 439 1111 in
462 1052 610 1124 herbam,
631 1070 696 1133 quae
720 1053 754 1112 ἃ

79 1131 146 1210 prior
163 1132 257 1193 floret.
285 1133 427 1194 Radicem
447 1135 571 1193 crassior
589 1152 654 1213 pars
674 1133 755 1213 grani

79 1208 176 1283 fundit,
197 1215 320 1282 tenuior
339 1213 452 1273 florem.
471 1211 586 1281 Ceteris
599 1210 755 1273 seminibus

80 1291 174 1351 cadem
188 1314 282 1375 pars,
302 1294 335 1355 δι
351 1293 500 1363 radicem,
525 1295 558 1354 δι
577 1292 692 1352 florem.

112 1371 266 1434 Frumenta
290 1375 386 1434 hieme
403 1375 433 1432 in
452 1373 543 1434 herbil
558 1371 640 1433 sunt:
658 1391 754 1433 verno

80 1467 201 1534 tempore
220 1453 388 1536 fastigantur
401 1457 431 1513 iu
448 1453 602 1542 stipulam,
617 1474 681 1534 quae
692 1450 756 1512 sunt

80 1528 180 1595 hiberni
199 1539 336 1618 generis:
348 1552 377 1593 at
394 1533 506 1594 milium
528 1537 560 1596 &
576 1536 709 1615 panicum
723 1534 755 1591 in

81 1613 199 1674 culmum
220 1614 437 1698 geniculatum,
457 1615 490 1677 δι
512 1631 692 1685 concavum,
710 1611 755 1673 se·

81 1689 147 1755 sama
162 1698 237 1757 verb
257 1698 290 1756 in
307 1694 493 1755 ferulaceum.
517 1693 662 1756 Omnium
680 1692 758 1753 sato»

80 1793 135 1834 rum
154 1775 283 1853 studius,
298 1794 347 1839 aut
370 1774 452 1859 spicis
464 1778 649 1850 continetur,
660 1793 692 1836 ut
705 1776 755 1836 πὶ·

81 1855 139 1930 tici,
151 1857 277 1919 hordei:
303 1860 428 1919 munitur
469 1877 486 1917 e
508 1857 586 1919 vallo
605 1851 754 1918 aristarum

80 1937 280 2020 quadruplici:
296 1954 344 1996 aut
359 1878 511 1999 includimr
529 1940 655 2021 siliquis,
671 1953 703 1997 ut
714 1937 757 1996 le·

81 2021 228 2096 guminum
240 2039 247 2076 ε
261 2033 309 2076 aut
317 2014 453 2088 vasculis,
466 2032 499 2075 ut
516 2016 627 2077 sesama
634 2060 646 2087 ,
661 2038 693 2077 ac
706 2036 753 2096 pa-

80 2100 200 2189 paveris.
219 2097 356 2166 Milium,
373 2098 405 2158 δι
425 2097 557 2177 panicum
572 2099 681 2157 tantum
699 2116 756 2177 pro

80 2177 219 2249 indiviso,
239 2179 272 2238 &
290 2179 385 2255 parvis
402 2176 502 2235 avibus
521 2178 684 2256 expositum
703 2173 757 2235 est.

80 2252 229 2319 indefensa
244 2258 352 2339 quippe
371 2254 544 2315 membranis
564 2257 757 2314 continentur.

79 2332 211 2399 Panicum
222 2360 238 2398 a
249 2336 388 2420 paniculis
400 2333 525 2409 dicium,
542 2337 688 2394 cacumine
697 2332 761 2391 lau·

81 2419 162 2497 guide
180 2436 316 2491 nutante,
333 2417 470 2498 paulatim
489 2430 641 2476 extenuato
656 2413 760 2475 culmo

81 2517 160 2576 paeue
185 2503 214 2560 in
238 2499 402 2571 surculum,
423 2497 579 2579 praedensis
607 2511 758 2554 acervatur

81 2583 188 2716 punis,
207 2602 273 2642 cum
292 2578 459 2662 longissimi
475 2577 571 2661 pedali
581 2574 688 2657 proba
698 2572 758 2634 Mi-

93 2658 110 2714 ’ἱ
130 2681 221 2721 comae
237 2683 357 2744 granum
377 2660 538 2740 complexae
555 2656 699 2717 fimbriato
713 2674 759 2715 ca·

82 2737 150 2816 pillo
176 2760 338 2802 curvantur.
358 2739 480 2802 Sunt&
498 2741 602 2823 panico
630 2755 752 2818 genera:

84 2820 256 2898 mammosa,
275 2843 292 2885 e
313 2842 389 2905 pauo
416 2823 514 2907 parvis
536 2833 677 2912 racemata
703 2836 759 2902 pa·
