1975 3575
116 297 120 301 -
243 254 456 328 Hrsron.
480 259 554 330 Lib.
578 257 658 332 ΧΗ.
718 281 766 356 ²9

71 391 128 449 re,
152 391 202 436 aut
225 374 379 456 plumbatis
411 375 526 459 sagittis.
560 376 634 438 Item
662 380 779 462 casiam¹

73 460 158 520 eirca
177 455 299 553 paludes
317 474 518 539 propugnante
538 458 679 599 unguibus
701 461 766 524 diro

75 537 321 621 vespertilionum
333 538 570 622 genere‚aligeri
582 560 638 623 que
649 538 767 622 serpen·

74 619 175 681 tibus:
192 618 238 678 bis
258 621 428 680 commentis
440 640 476 682 au
498 636 580 682 emes
590 641 684 683 rerum
696 643 764 702 pre·

72 701 124 760 ria.
145 697 296 760 Comitata
314 701 388 761 verb
405 699 452 760 fab
511 700 621 773 est‚ad
631 705 763 765 meridia·

70 783 105 842 ni
120 778 200 841 Solis
222 779 396 860 repercullus
412 781 636 844 inenarrabilem
659 803 763 866 quem·

70 862 146 924 dam
168 862 362 922 universitatis
379 862 499 924 halitum
516 883 533 924 e
552 863 616 928 toti
630 863 736 946 penins
752 899 766 914 ·

70 942 104 1001 la
117 939 282 1014 exsistere,
311 958 356 1003 tot
380 961 521 1025 generum
546 965 623 1005 aurae
641 943 763 1027 spirante

69 1039 242 1095 contentu,
256 1020 415 1105 Magnique
444 1023 605 1084 Alexandri
626 1025 764 1090 classibus

68 1103 218 1168 Arabiam
235 1102 329 1163 odore
348 1104 472 1185 primbm
490 1108 646 1166 nuntiatam
668 1108 699 1165 in
715 1107 762 1167 al·

69 1201 151 1248 tum.
163 1182 274 1246 Omnia
283 1182 366 1259 falsa,
376 1184 519 1267 siquidem
528 1187 760 1264 cinnamomum,

46 1266 216 1348 'idemque
234 1266 416 1337 cinnamum,
438 1265 559 1327 nascitur
569 1270 599 1327 in
611 1268 760 1352 AEthiopia

69 1344 141 1409 Tro
161 1345 271 1426 lodytir
284 1344 410 1406 conubio
418 1348 570 1426 permixti.
580 1347 761 1410 Himercan·

69 1441 117 1488 tes
127 1366 162 1487 il
168 1425 517 1499 atonterminis,vehunt
527 1446 579 1507 per
587 1431 674 1488 maria
682 1428 762 1491 valla

69 1506 279 1589 ratibus‚quas
288 1527 383 1589 neque
429 1507 763 1590 bernacularegant‚ne·

71 1608 132 1670 que
144 1590 219 1650 remi
230 1588 341 1647 trahant
354 1526 580 1669 vellmpellant‚
599 1609 658 1649 non
671 1590 759 1665 vela,

72 1690 137 1729 non
147 1669 222 1730 ratio
231 1667 288 1729 ulla
299 1666 436 1748 adjuvet,
456 1671 523 1730 clim
534 1670 664 1732 omnium
673 1670 761 1733 inllar
838 1741 839 1744 Ἴ
926 1696 934 1714 ·

73 1750 115 1810 ibi
129 1751 203 1824 sint,
215 1750 305 1810 homo
316 1752 426 1811 tantbm
436 1752 467 1815 ὃ(
478 1750 604 1811 audacia.
617 1749 759 1821 Praeterea

75 1832 232 1893 hibernum
240 1851 317 1892 mare
330 1834 449 1914 'exigunt
458 1835 532 1893 circa
540 1833 670 1894 brumam
680 1879 691 1907 ‚
700 1834 759 1896 Eu·

25 1982 31 1992 Α
74 1914 113 1973 ris
121 1931 184 1973 tum
190 1912 313 1983 maximi
325 1912 464 1976 flantibus.
476 1913 517 1974 Hi
529 1912 693 1975 rellocursu
705 1938 758 1997 per
833 1962 835 1965 ψ

75 1995 156 2055 ainus
171 1993 345 2075 impellunt,
364 2012 451 2075 atque
462 2016 478 2054 a
489 1998 681 2075 promontorii
695 2018 758 2057 am·

72 2075 141 2136 bitu
159 2073 282 2157 Argeste
301 2073 434 2137 deferunt
456 2077 486 2134 in
508 2093 624 2154 portum
652 2075 757 2138 Geba-

61 2157 219 2227 .nitarum,
231 2157 279 2236 qui
289 2173 412 2218 vocatur
425 2153 537 2217 Ocelis.
550 2154 756 2236 Quamobrem

72 2237 116 2296 illi
126 2237 284 2298 maximeid
290 2253 410 2317 petunt,
422 2237 605 2318 produntque
615 2240 666 2296 vix
674 2241 757 2318 quln-

71 2334 106 2378 ω
123 2338 201 2379 anno
230 2319 339 2379 reverti
360 2319 580 2397 negotiatores,
597 2318 630 2377 δι
648 2319 756 2378 multos

72 2398 200 2459 interire.
219 2396 333 2460 Conni
351 2395 494 2458 revehunt
514 2396 625 2464 vitrea,
641 2398 674 2461 δι
685 2397 757 2459 ahe-

9 2536 12 2543 .
71 2499 130 2551 rra,
152 2477 268 2553 vestes,
287 2477 390 2538 fibulas
409 2499 476 2538 cum
502 2474 618 2536 armillis
639 2496 672 2536 ac
692 2497 756 2538 mo·

72 2558 186 2621 nilibus.
198 2559 277 2643 Ergo
290 2561 446 2641 negotiatio
457 2558 506 2619 illa
514 2555 686 2625 feminarum
697 2578 755 2621 ma·
770 2638 772 2641 v

69 2640 150 2701 xime
169 2640 229 2702 fide
250 2639 369 2700 constat.

108 2718 173 2802 Ipse
194 2721 292 2783 frutex
311 2719 400 2780 dulim
418 2719 581 2780 cubitorum
602 2718 751 2784 altitudine

68 2801 278 2884 amplissimus,
289 2800 436 2884 palmique
454 2802 666 2941 minlmfftlv·
681 2802 754 2888 digi-

596 2902 627 2962 ¹¹1
