1975 3575
223 261 305 341 *330
352 241 391 310 c..
408 240 585 309 Pururt
608 236 796 309 NArun.

233 364 330 424 lumen
347 357 455 431 scatet,
470 376 510 417 ne
530 356 560 415 in
582 352 727 417 inlinitum
755 354 910 419 abeamus}-

227 441 309 524 apud
330 461 387 501 nos
404 439 478 501 verb
492 434 530 496 C.
540 434 637 516 Epidii
650 432 868 512 commentarii,
877 441 907 499 in

230 521 338 604 quibus
358 521 475 582 arbores
492 517 597 579 locutae
619 536 740 599 quoque
762 519 905 598 reperiun-

229 619 289 664 tur.
308 600 442 663 Subsedit
453 602 483 660 in
492 595 629 659 Cumano
636 597 721 659 arbor
731 601 809 680 gravi
816 598 907 659 oslen-

231 700 290 756 to,
311 680 398 765 paulo
420 698 487 741 ante
506 678 639 761 Pompeii
660 677 712 739 Ma
753 680 853 740 'bella
869 680 907 739 ci·

234 764 321 839 vilia,
364 765 440 823 aucis
466 761 554 821 ramis
575 699 777 821 eminentiid
802 758 907 820 inven-

235 860 299 906 turn
314 785 463 924 Silyllims
475 841 556 901 libris
571 842 800 911 internecionem
814 842 905 900 homi·

236 944 307 986 nunr
320 923 393 1003 sore
403 965 413 995 ‚
425 920 566 1003 tantdque
578 941 643 982 eam
651 919 811 1000 majorem,
820 941 903 1003 quan·

237 1005 272 1066 tir
286 1005 406 1085 propilrs
416 1001 545 1062 abUrbe
553 1000 653 1084 postea
660 1000 733 1061 sada
744 1000 821 1063 effer.
839 999 906 1062 Sunt

237 1084 389 1167 prodigia,
414 1084 447 1144 δι
468 1084 534 1142 clun
559 1084 658 1142 alienis
677 1082 749 1142 locis
778 1080 903 1142 enascun·

237 1181 307 1234 rur,
326 1172 358 1224 ut
371 1165 402 1222 in
418 1185 452 1223 ca
471 1163 557 1222 itibus
581 1160 755 1235 statuarum,
770 1163 821 1223 vel
837 1164 904 1233 uis,

238 1244 275 1306 dt
292 1246 359 1304 cium
375 1245 406 1302 in
421 1184 571 1304 ardoribus
587 1245 657 1324 ipsis
668 1242 779 1304 alienae.
790 1243 906 1303 Ficusin

238 1324 321 1386 leuto
342 1340 410 1384 nata
435 1322 476 1384 est
500 1321 606 1403 Cyzici
628 1339 695 1391 ante
721 1322 902 1385 obsidionem.

240 1400 336 1466 Simili
352 1404 443 1465 modo
461 1402 604 1465 Trallibus
619 1404 716 1486 palma
729 1406 758 1463 in
772 1403 832 1465 basi
846 1401 904 1464 Cae·

215 1483 310 1545 'saris
346 1484 491 1546 didlatoris
521 1486 597 1544 circa
627 1484 706 1545 bella
730 1485 825 1547 civilia
842 1483 901 1564 ejus.

240 1563 368 1628 Necnon
386 1565 420 1625 &
440 1563 544 1626 Romae
560 1567 589 1629 in
607 1562 755 1647 Capitolio
776 1566 806 1626 in
825 1587 854 1625 ca
869 1566 903 1623 ite

240 1645 324 1708 lovis
351 1645 430 1706 bello
458 1644 552 1706 Persei
583 1662 666 1707 enata
708 1646 803 1719 alma,
824 1586 905 1707 vido

239 1726 314 1784 riam
332 1725 550 1808 triumphosque
573 1667 707 1808 portenti

240 1802 398 1887 pestatibus
429 1805 585 1946 pppstrati,
621 1809 729 1870 eodem
754 1809 822 1870 loco
838 1806 902 1867 ficus.

240 1901 327 1946 enata
348 1882 412 1958 est,
507 1886 658 1962 Melsalae,
680 1886 717 1949 C.
747 1887 837 1951 Cassii
852 1906 904 1947 ren

242 1963 340 2026 sorum
372 1964 472 2027 lustro.
494 1966 526 2028 A
572 1990 612 2029 uo
645 1988 777 2053 tempore
811 1967 903 2052 pudici

241 2046 313 2106 tiam
333 2045 497 2108 subversam
520 1990 585 2110 Piso
605 2052 699 2131 gravis
726 2050 824 2111 audior
848 2067 904 2131 prof

242 2126 327 2188 didit.
349 2124 443 2210 Super
462 2128 561 2188 omnia
580 2150 644 2211 quae
661 2151 799 2212 umquam
825 2129 905 2190 audin

244 2206 328 2281 sunt,
342 2209 397 2268 erit
415 2208 579 2290 prodigium
595 2212 626 2269 in
646 2209 747 2272 nostro
772 2232 834 2272 evo
854 2206 906 2269 Ne*

245 2289 324 2350 tonis
345 2289 437 2371 princi
459 2290 482 2349 is
494 2289 575 2350 ruini
589 2288 693 2351 lachim
713 2294 744 2351 in
764 2312 831 2374 agro
841 2286 905 2349 Mar·

244 2371 367 2445 tucino,
385 2368 432 2429 Ve
461 2371 480 2428 ‘i
489 2369 621 2431 Marcelli
639 2367 803 2453 e'primise
839 2366 905 2429 estrir

207 2453 209 2457 ’
244 2449 355 2509 ordinis
376 2449 486 2510 oliveto
506 2449 640 2513 universo
666 2454 747 2514 viam
778 2473 798 2533 p
836 2452 904 2511 licam

244 2528 430 2612 transgresso,
451 2530 581 2613 arvisque
599 2533 666 2595 inde
685 2553 703 2595 e
731 2527 906 2595 contrariolss

245 2609 344 2670 locum
365 2610 469 2671 oliveti
489 2610 636 2693 profediis.
711 2671 714 2676 ,
781 2666 784 2670 ,

286 2688 427 2751 XXXIX
445 2690 493 2752 26.
512 2690 599 2753 Nunc
618 2694 755 2774 expositis
788 2694 907 2754 arborum

244 2770 376 2847 morbis,
397 2770 620 2848 cousentaneum
640 2772 681 2837 est
703 2774 800 2838 dicere
824 2774 905 2840 &w

699 1729 722 1788 it
742 1747 752 1788 r
775 1728 827 1788 hac
841 1744 903 1786 teni·
962 1778 963 1794 ,

961 2 963 143 l
