1975 3575
244 221 318 315 428
366 221 404 292 C.
429 217 608 293 Parim
633 221 820 296 Naxon.

243 342 351 403 nilunio
378 342 466 402 etiarn
485 340 617 402 nullibus
649 360 796 424 operetur.
819 341 905 405 Auem

239 441 354 503 parram
370 423 484 482 oriente
503 420 593 504 Sirio,
607 421 672 503 ipso
692 423 739 483 die
755 444 814 484 non
830 441 903 504 appa·

237 520 303 561 rere
319 501 432 573 ,donec
443 502 562 563 occidat.
581 501 731 566 Ediverso
739 504 900 565 chlorionem

262 581 360 642 rodite
375 581 438 662 ipso
459 582 506 643 die
527 579 643 643 solstitii.
673 582 819 645 Neutrum
841 585 902 644 vend

239 600 332 722 [unae
356 661 458 723 statum
481 664 602 723 noxium
623 661 700 738 effe,
726 684 766 725 ne
788 663 901 724 nudibus

240 742 379 824 quidem,
397 744 451 803 nisi
464 740 595 816 serenis,
609 744 642 805 &
652 745 735 805 omni
746 744 811 805 auri
823 742 900 824 quies·

240 839 344 884 cente:
401 825 498 882 oniam
516 843 613 905 neque
630 826 661 884 in
673 824 898 906 nube,nequein

241 901 312 963 flatu
329 923 363 962 ca
383 919 435 965 unt
453 921 557 964 rores:
574 905 615 965 sic
635 925 758 988 quoque
777 925 831 968 nott
848 906 898 963 sine

241 982 384 1063 remedio.
773 997 777 1004 ’
883 1015 887 1020 ’

259 1065 272 1132 s
283 1062 373 1123 LXX.
381 1061 547 1139 Sarmenta,
559 1080 608 1125 aut
620 1065 770 1146 palearum
779 1063 899 1136 acervos,
952 1069 953 1118 ἔ

241 1137 277 1211 &
293 1141 403 1204 evulsas
419 1145 521 1206 herbas
542 1144 733 1228 fruticesque,
750 1166 800 1228 per
818 1148 899 1207 viuma

241 1223 432 1305 camposque,
445 1227 513 1286 clim
529 1226 661 1297 timebis,
681 1227 845 1288 intendito:
860 1222 897 1284 tn·

242 1323 307 1383 mus
317 1305 489 1367 medebitur.
501 1305 559 1366 Hic
578 1325 595 1365 e
613 1306 704 1386 paleis
716 1308 899 1369 &contram-
952 1365 953 1376 ,

244 1382 327 1444 bulas
339 1386 505 1458 auxiliatur,
522 1387 570 1446 ubi
585 1385 700 1448 nebulae
711 1405 825 1449 nocent.
836 1383 899 1464 Qui·
952 1455 953 1458 Ἴ

242 1461 311 1522 dam
332 1480 390 1526 tres
407 1486 526 1526 cancros
544 1467 632 1527 vivos
649 1470 774 1528 cremari
782 1466 896 1548 jubentia
952 1471 953 1474 ’

241 1542 379 1618 arbustis,
395 1562 428 1606 ut
448 1546 612 1607 carbunculi
630 1568 691 1607 non
709 1564 835 1609 noceant.
849 1544 898 1606 tlt

240 1623 321 1683 ailuri
337 1645 454 1686 carnem
470 1627 576 1687 leviter
593 1629 637 1687 uti
657 1649 674 1687 a
691 1646 798 1703 vento,
810 1642 837 1687 ut
849 1643 895 1706 pet

239 1719 334 1763 totam
356 1707 474 1766 vineam
493 1706 588 1767 fumus
615 1705 710 1790 disper
729 1726 797 1770 atur.
817 1705 895 1765 Varro

238 1781 339 1844 audior
357 1783 418 1857 est,
440 1786 617 1848 siFtdiculae
637 1810 673 1849 oc
720 1812 760 1863 u,
778 1785 842 1872 quod
858 1780 892 1844 est

214 1878 216 1887 ³
237 1863 349 1923 initium
366 1871 515 1940 autumni,
529 1888 587 1929 uva
598 1868 670 1949 pikla
685 1866 894 1932 consecretutitt·

239 1958 285 2003 ter
299 1946 396 2018 vites,
413 1948 508 2006 minus
529 1969 636 2010 nocere
646 1950 833 2033 tempestates.
847 1945 894 2006 tr·

239 2022 350 2085 chibius
368 2026 405 2086 acl
419 2028 598 2088 Antiochum
618 2028 712 2110 Syriae
731 2052 764 2092 re
784 2051 825 2091 em
842 2024 895 2087 setl-

242 2106 318 2186 psit,
336 2104 483 2167 nstfittili
497 2128 580 2171 novo
596 2109 774 2175 obruaturru
810 2124 895 2169 tatoni

243 2208 263 2245 a
275 2186 304 2244 in
320 2187 415 2247 medii
431 2186 546 2270 segete,
564 2210 625 2251 nou
644 2188 700 2252 effe
720 2194 817 2254 noxias
837 2205 896 2249 tem·

243 2288 264 2324 t>
301 2265 436 2328 estates».
881 2300 885 2307 ·

199 2420 206 2437 v
336 2346 388 2408 XI.
409 2347 511 2430 Opera
533 2348 634 2411 rustica
653 2349 738 2433 hujus
758 2346 897 2438 intervallt'3⁸

240 2441 348 2488 terram
362 2429 485 2502 iterare,
500 2430 618 2492 arbores
628 2426 897 2494 circumfodettzubt

240 2504 359 2568 aestuosa
372 2511 452 2588 regio
468 2508 587 2590 poscat,
598 2511 791 2573 adcumulare,
802 2506 899 2572 Germl·
941 2540 954 2591 -3

240 2590 355 2660 nantia,
379 2590 433 2648 nisi
449 2591 479 2649 in
499 2589 561 2651 folo
589 2591 753 2666 luxurioso,
778 2586 899 2652 fodienda
953 2594 954 2649 l

241 2686 303 2726 non
318 2666 389 2731 sunt.
410 2666 566 2730 Seminaria
579 2675 693 2754 purgari
704 2670 822 2733 sarculo.
835 2663 900 2730 Mel
953 2668 954 2745 l

240 2743 302 2809 fem
323 2749 514 2816 hordeaceam
536 2749 641 2817 facere.
660 2752 769 2817 Aream
788 2750 825 2816 ad
836 2742 900 2816 mele
953 2788 954 2795 κ

952 2812 954 2907 l
