1975 3575
217 303 428 383 Hruuou'.
448 310 628 384 Liblllll.
704 312 752 413 65

67 444 221 498 vorantes.
238 429 368 491 Nascitur
379 432 451 494 &in
466 429 655 512 Syril,circa
665 451 757 514 quem

67 513 210 575 odoratus
228 511 278 572 ille
297 513 442 588 calamus,
458 512 562 572 lacum.
578 511 682 595 Neque
692 513 757 573 aliis

66 593 129 654 usus
153 592 223 670 est,
242 590 327 674 quium
347 593 435 665 inde,
455 591 570 653 funibus
592 613 642 653 rex
667 592 757 655 Anti·

67 693 160 756 gonus
177 675 210 734 in
235 674 383 735 navalibus
394 675 504 746 rebus,
521 672 652 734 nondum
663 671 757 753 sparto

67 755 300 816 communicato.
323 753 427 836 Nuper
443 756 476 817 δι
491 757 522 818 in
541 752 686 836 Euphrate
696 753 760 814 nas·

68 854 134 895 tens
155 838 238 896 circa
268 834 450 916 Babylonem
472 857 510 918 pa
530 855 620 916 yrum
644 833 761 895 intelle«

70 914 144 976 Ilum
169 914 213 977 est
241 916 380 976 eumdem
402 914 482 975 usum
510 858 619 977 liabere
645 915 761 976 charra.

69 992 106 1055 Et
126 1013 229 1057 tamen
256 996 351 1057 adhuc
376 996 486 1057 malunt
513 996 610 1057 Parthi
631 993 760 1058 vestibus

71 1073 165 1137 literas
189 1080 338 1137 intexere.

110 1156 225 1219 XXIII.
248 1178 296 1218 12.
312 1156 508 1238 Praeparantur
523 1177 559 1218 ex
576 1178 615 1219 eo
633 1157 761 1229 chartae,'

74 1234 164 1298 diviso
185 1259 243 1299 acu
260 1240 290 1297 in
309 1256 485 1320 praetenues,
497 1238 546 1300 sed
563 1237 649 1320 quim
661 1238 762 1299 latissi-

75 1337 154 1393 mas,
176 1320 320 1400 philuras.
336 1318 521 1400 2Principatus
541 1320 661 1391 medio,
675 1338 763 1400 atque

76 1398 139 1459 inde
150 1398 275 1461 sciffurae
287 1398 398 1461 ordine.
411 1399 555 1460 Hieratica
566 1399 763 1481 appellabatur

78 1481 255 1562 antiquitus,
276 1481 327 1541 reli
348 1482 418 1541 iosis
440 1483 551 1541 tantiam
565 1480 763 1540 voluminibus

78 1559 186 1638 ditata,
207 1582 277 1643 quae
295 1500 442 1623 abiutione
457 1559 581 1643 Augusti
597 1580 706 1622 nomen
717 1579 764 1620 ac·

81 1644 171 1721 cepit:
194 1645 274 1703 sicut
305 1640 428 1702 secunda
455 1640 566 1714 Liviae,
592 1663 609 1701 a
633 1639 761 1724 conjuge

83 1718 149 1800 ejus.
169 1721 217 1784 Ita
229 1720 377 1783 descendit
392 1722 527 1784 hieratica
540 1724 570 1782 in
584 1725 700 1782 tertium
711 1731 766 1784 no-v

82 1821 155 1864 men.
166 1804 337 1865 Proximum
346 1805 587 1883 amphitheatricae
595 1804 693 1865 datum
701 1801 763 1866 fue·

85 1901 153 1944 rata
170 1883 345 1947 confellurae
364 1886 443 1946 loco.
461 1884 582 1967 Excepit
602 1886 674 1947 hanc
702 1883 764 1948 Ro-

85 1982 136 2025 me
147 1965 251 2027 Fannii
258 1964 285 2025 sa
305 1963 485 2041 axofficina‚
502 1982 704 2047 tenuatamque
716 1984 764 2027 cn·

87 2046 159 2106 riori
167 1986 392 2129 interpolatione
400 2047 591 2129 principalem
603 2045 696 2108 fecite
705 2044 765 2127 ple·

88 2123 168 2202 beia,
188 2130 224 2190 &
240 2148 346 2188 nomen
364 2130 393 2187 ei
413 2128 503 2189 dedit.
519 2124 599 2208 Qua·
616 2148 675 2189 non
694 2125 765 2189 ellet

90 2204 126 2265 ita
145 2225 290 2283 recurata‚
308 2211 339 2266 in
359 2206 409 2267 luo
427 2210 531 2267 mansit
550 2209 768 2287 amphitheatri·

91 2305 129 2346 ta.
140 2284 205 2349 Post
223 2289 296 2349 hanc
314 2285 437 2356 Saitica,
454 2288 490 2347 ab
507 2287 634 2368 oppido,
646 2288 768 2347 ubima·

91 2367 162 2429 xima
168 2369 317 2440 fertilitas,
327 2387 364 2427 ex
373 2365 523 2428 vilioribus
538 2368 673 2425 ramentis
683 2388 690 2427 ε
700 2387 769 2448 pro·

92 2448 205 2531 piatque
219 2451 376 2510 etiamnum
391 2448 491 2507 cortici
509 2445 682 2520 lencona,
698 2449 767 2507 avi·

93 2528 153 2588 tino
170 2531 255 2603 loco,
274 2529 407 2611 pondere
426 2525 483 2608 jam
503 2528 584 2601 lec,
604 2547 665 2587 non
685 2525 770 2588 boni·

93 2621 165 2681 tate,
181 2611 301 2672 uenalis.
314 2608 391 2669 Nam
402 2611 578 2691 emporetica
587 2607 693 2668 inutilis
705 2606 769 2669 scri-

94 2684 186 2750 bendo
198 2739 208 2767 ,
222 2690 380 2752 Involucris
400 2689 579 2765 chartarum,
589 2685 771 2770 segestrium-

96 2785 148 2846 que
157 2772 185 2831 in
195 2772 338 2832 mercibus
347 2768 429 2829 ulum
441 2771 571 2851 praebet:
585 2769 654 2830 ideo
664 2790 680 2832 a
690 2789 770 2831 mer·

98 2851 234 2914 tatoribus
261 2852 472 2936 cognominata
497 2849 564 2914 Post
582 2849 655 2913 hauc
673 2871 770 2936 papy-⁴
