1975 3575
152 317 155 321 -
208 271 661 346 -rrtsrontruxrrt
714 233 789 348 εί

79 390 194 455 miores
213 389 403 472 celsioresque
419 388 762 456 infantessore.Viride'm

83 477 176 536 etiam
193 472 315 555 gallinis,
326 489 374 532 aur
386 472 409 531 si
422 474 545 545 aruerit,
557 471 759 537 madesasium.

82 554 169 636 Apes
189 573 303 635 quoque
317 572 476 634 numquam
494 551 594 614 defore
609 556 694 633 cytisi
707 577 759 636 pa·

82 634 158 694 bulo
175 635 373 715 contingente,
412 635 565 694 romitrunt
573 630 759 697 Democritus

84 715 123 775 ὅ(
146 712 365 796 Aristomachus.
419 733 452 774 ec
472 712 551 774 aliud
571 715 689 777 minoris
706 716 760 777 im·

83 794 183 876 pendii
197 793 246 854 est.
273 792 381 854 Seritur
400 814 467 855 eum
485 794 617 856 hordeo:
632 811 682 856 aut
702 816 759 858 ve·

85 895 140 949 re,
155 874 280 945 semine,
303 891 335 934 ut
362 893 502 956 porrum:
520 874 570 936 vel
587 876 687 950 caule,
709 897 760 937 au·

85 971 185 1016 turmo
206 972 273 1016 ente
300 955 441 1016 brumam.
467 952 497 1015 Si
519 953 651 1027 semine,
664 956 760 1017 madi·

85 1035 172 1097 dum:
187 1037 219 1096 ὃ(
236 1038 261 1095 si
284 1035 380 1095 desint
396 1035 524 1107 imbres,
542 1033 634 1097 satum
653 1033 762 1121 spargi·

88 1132 142 1177 tur.
162 1114 265 1176 Plantae
286 1115 424 1177 cubitales
441 1113 571 1176 seruntur
589 1114 692 1177 scrobe
707 1138 761 1200 pe·

89 1196 152 1257 desi.
163 1194 270 1257 Seritur
280 1216 331 1277 per
342 1194 617 1276 aequinodiatenero
631 1195 758 1261 frutice:

89 1275 226 1357 perficitur
236 1277 381 1337 triennio:
398 1276 554 1337 demetitur
568 1298 661 1339 verno
673 1281 758 1361 requi·

90 1356 200 1432 nouis,
216 1360 283 1418 cirm
302 1357 408 1417 florete
419 1356 540 1430 desinit,
553 1357 604 1418 vel
614 1361 697 1439 pueri
708 1359 759 1420 rel

91 1439 154 1499 ands
163 1438 301 1499 vilissimi
319 1436 420 1517 operi.
442 1433 539 1498 Canus
550 1435 662 1518 aspedu
673 1461 681 1499 t
694 1439 761 1499 hre·

91 1520 234 1601 riterque,
250 1519 275 1578 si
296 1520 359 1599 quis
368 1518 531 1656 exprimere
543 1518 761 1581 similitudinem

93 1600 175 1672 uelit,
188 1597 356 1681 angustioris
365 1599 401 1657 tri
414 1598 463 1659 olii
475 1597 579 1659 frutex.
591 1597 688 1659 Datur
701 1602 760 1660 arri·

92 1680 203 1752 malibus
224 1677 290 1762 post
304 1678 425 1739 biduum
442 1676 573 1760 semper:
591 1679 686 1739 hieme
705 1700 759 1741 ve·

93 1761 123 1820 rb
143 1761 217 1843 quod
236 1761 354 1834 inaruit,
367 1758 526 1822 madidum.
543 1757 651 1822 Suriam
663 1781 757 1844 equos

95 1840 167 1902 deuae
184 1842 280 1913 librae,
299 1841 381 1902 &ad
400 1843 564 1922 portionem
575 1844 688 1903 minora
696 1846 759 1903 arri-

94 1923 186 1994 maiia:
201 1923 352 2004 obiterque
370 1923 445 1982 inter
464 1922 581 1983 ordines
602 1923 700 1984 allium
723 1926 758 1985 δι

95 2022 164 2083 repe
185 2002 239 2064 seri
256 2001 351 2063 fertile
369 1999 419 2062 est.
437 2000 576 2064 Inventus
596 2004 643 2063 hic
662 2002 759 2066 frutex

93 2082 121 2142 in
136 2081 249 2164 Cythno
273 2082 380 2158 insulis,
398 2083 465 2144 inde
492 2083 641 2146 transsatus
664 2082 707 2146 est
728 2087 759 2144 in

93 2182 187 2237 omnes
209 2163 357 2245 Cycladas
367 2183 457 2237 ‚mox
471 2168 501 2224 in
520 2165 606 2226 urbes
620 2161 758 2238 Graecas,

94 2264 189 2326 magno
200 2244 274 2317 'casei
293 2261 456 2327 proventu:
472 2261 593 2324 propter
609 2245 689 2323 quod
699 2264 760 2303 ma·

95 2326 164 2384 xime
187 2329 273 2386 miror
292 2343 400 2389 ,rarum
427 2320 482 2383 esse
507 2326 538 2381 itt
562 2322 654 2382 ltalid.
688 2322 761 2383 Non

96 2402 220 2480 aestuum,
236 2427 296 2467 oon
312 2403 473 2487 frigorum,
492 2423 553 2463 non
604 2400 760 2476 audinum,

96 2502 138 2545 aut
154 2489 224 2547 nivis
243 2484 375 2566 injuriam
385 2480 559 2566 expavescit.
600 2480 761 2562 djicitHy-
846 2506 849 2511 ·

97 2566 186 2705 fimus,
202 2588 239 2627 ne
256 2565 380 2627 hostium
398 2565 534 2648 quidem,
553 2580 674 2647 propter
696 2563 762 2623 nul·

121 2665 147 2704 m
179 2649 276 2707 retiam
295 2646 374 2728 ligni.

178 2726 260 2788 VIII.
269 2716 319 2808 ἀς.
336 2724 495 2787 Nascuntur
513 2728 546 2790 &
564 2710 682 2785 inmari
701 2720 763 2784 sru-
879 2677 882 2683 Ι

99 2804 160 2869 tices
178 2805 369 2891 arboresque,
387 2811 514 2885 minores
533 2803 764 2950 irrfirostrodirr-⁴

530 2951 533 2958 .
622 2907 646 2958 s
