1975 3575
253 213 324 337 384
380 238 418 309 C.
448 237 633 307 Prtnrt
659 238 850 308 Narun.
908 321 912 334 „

250 361 330 421 sitate
350 355 465 418 seminis
498 357 595 418 omnia
621 377 695 416 occu
717 358 778 427 ari,
798 353 924 418 internas·

248 437 405 521 centesque
425 437 529 497 herbas
547 436 669 497 excludi.
690 377 724 496 sd
770 430 879 497 raestant
897 441 921 497 in

247 516 352 601 jugera
371 519 470 579 modia
489 519 598 577 vicena.
621 459 921 578 Movendbmneadu·

248 617 349 675 ratur,
368 599 501 680 tetrique
520 600 649 677 protinus
668 599 761 681 integi
781 599 874 660 debet.
895 594 920 657 Si

250 681 290 754 sit
307 680 457 741 humidum
467 675 764 741 solumhetbosumve
774 681 919 753 ,vincinm

251 762 287 822 δι
304 759 431 822 desciscit
447 761 476 818 in
497 776 622 839 pratum.
644 757 717 820 Ideo
740 762 867 841 protinus
884 758 919 817 al·

252 842 373 901 titudine
390 836 492 904 unciali
514 839 610 899 herbis
637 838 775 901 omnibus
792 839 918 900 liberanda

253 919 312 995 est,
335 941 421 981 manu
441 920 557 1001 potius,
576 918 663 1002 quim
685 918 807 982 sarculo.
816 919 917 981 Secatur
962 913 963 916 ¹

253 1004 394 1083 incipiens
412 1001 537 1073 florere,
556 1001 589 1063 &
611 1003 725 1082 quoties
743 1002 875 1062 refloruit.
889 998 917 1060 ld

253 1082 344 1158 sexies
362 1084 462 1144 evenit
479 1101 532 1161 per
552 1102 658 1154 annos,
675 1083 744 1141 clun
769 1084 915 1153 minimiun,

255 1183 363 1240 natet.
381 1162 416 1223 ln
438 1160 535 1222 semen
560 1159 752 1223 maturescere
782 1163 916 1245 prohiben-
963 1167 964 1238 ᾗ

253 1184 292 1305 du
311 1242 371 1319 est,
389 1244 456 1325 quia
473 1241 611 1324 pabulum
629 1244 725 1304 utilius
744 1243 790 1305 esi
804 1240 916 1326 usquead

256 1327 421 1397 trimatum,
436 1325 536 1382 marris
551 1323 588 1382 ad
606 1321 698 1384 solum
717 1325 792 1387 radi.
812 1324 851 1385 lta
864 1323 915 1384 reli
964 1367 965 1416 p

253 1427 319 1487 quae
341 1405 438 1464 herbae
454 1406 595 1464 intereunt
615 1406 676 1464 sine
702 1401 795 1485 ipsius
811 1407 915 1474 damno,
964 1427 965 1478 r

277 1507 309 1546 ro
332 1503 377 1545 ter
390 1485 570 1545 altitudinem
589 1485 730 1546 tadicum.
750 1483 785 1546 Si
799 1486 915 1547 evicerint
964 1499 965 1508 ¹

254 1508 371 1638 lieriae,
391 1565 553 1625 remedium
571 1568 688 1625 unicum
708 1565 751 1627 est
765 1563 915 1637 aratio‚sae·

252 1647 319 1729 pius
340 1647 504 1718 vertendo,
521 1646 615 1707 donec
637 1668 742 1707 omnes
768 1649 830 1709 aliae
854 1645 915 1705 radi·

254 1747 304 1803 ces
325 1728 476 1786 intereant.
499 1725 571 1788 Dari
586 1748 644 1786 non
660 1729 697 1789 ad
716 1726 864 1791 satietatem
874 1726 914 1786 de·

243 1807 325 1891 jbet,
348 1827 384 1866 ne
407 1807 527 1888 deplere
554 1807 718 1891 sanguinem
742 1808 850 1872 necesse
876 1810 912 1868 sit.
965 1846 966 1861 t

250 1885 290 1964 Et
310 1886 410 1947 viridis
428 1888 526 1948 utilior
543 1888 913 1964 est.Arescitsurculoe,ae

251 1964 400 2107 ppstremb
411 1969 440 2029 in
449 1969 605 2051 pulverem
614 1971 747 2033 inutilem
756 1988 913 2034 extenuatur.

251 2119 256 2126 .
287 2069 303 2108 e
322 2047 434 2126 cytiso,
456 2051 503 2109 cui
523 2048 629 2130 &ipsi
650 2055 825 2135 principatus
846 2051 913 2111 datur

242 2129 284 2212 'in
301 2129 431 2210 pabulis,
451 2129 569 2203 adfatim
587 2130 711 2194 diximus
724 2137 797 2195 inter
806 2132 915 2194 fruticet.

253 2213 291 2290 Et
306 2230 381 2270 nunc
399 2209 514 2293 frugum
531 2213 664 2273 omnium
682 2233 783 2276 natura
796 2226 916 2297 peragent

252 2288 361 2371 deest:
383 2289 462 2372 cujus
482 2293 512 2350 in
528 2308 610 2374 parte
628 2294 666 2356 de
686 2297 797 2357 morbis
814 2309 915 2377 quoque

253 2371 375 2435 dicatur.

295 2450 403 2513 XLIV.
430 2469 475 2532 17.
497 2451 624 2514 Primlrm
646 2456 779 2518 omnium
798 2451 916 2518 fiumenti

253 2533 358 2605 uitium
377 2552 470 2593 avena
488 2532 549 2595 est:
566 2536 599 2598 δι
617 2535 763 2598 hordeum
772 2540 801 2598 in
809 2558 870 2601 eam
879 2534 917 2594 de·

253 2629 386 2694 generat:
400 2615 471 2674 sicut
480 2615 538 2696 ipsa
548 2614 684 2678 frumenti
694 2617 727 2678 fit
738 2618 835 2681 instat:
848 2617 917 2700 quip·

253 2713 293 2774 pe
309 2694 375 2754 cirm
388 2690 553 2755 Germaniae
569 2698 670 2779 populi
682 2697 777 2760 serant
789 2720 867 2772 eam,
877 2715 917 2755 ne·

253 2793 311 2852 que
334 2774 388 2835 alit
404 2777 483 2858 pulte
501 2778 612 2841 vivant.
631 2776 693 2841 Soli
711 2781 836 2844 maximi
853 2776 917 2915 ‘²¹2

431 2884 434 2887 ’
869 2876 900 2938 ‘1¹¹
