1975 3575
117 266 119 271 ’
240 257 536 335 morontib,
557 259 638 335 XV.
693 286 758 357 171

86 378 167 441 vviridi
178 378 355 441 rubentibus.
365 379 429 441 Hac
440 379 566 443 nidores
578 380 702 464 Delphis
711 401 760 444 co·

88 463 177 522 ronari
188 506 198 535 ,
211 462 244 522 δι
255 460 464 543 triumphantes
482 459 596 523 Romae.
615 461 758 545 Cypriam

87 539 138 602 effe
156 539 230 603 folio
247 541 353 613 brevi,
369 543 473 624 nigro,
492 562 546 623 per
556 547 696 625 margines
708 546 760 609 im·

87 619 205 694 irritato,
223 620 355 703 crispam.
373 620 474 683 Postea
485 621 626 683 acceliere
644 644 764 706 generat

89 700 170 763 ‘linus
183 721 196 762 t
212 703 287 762 hanc
309 701 469 764 silvestrem
481 703 597 764 laurum
613 703 699 787 aliqui
716 707 761 766 in·

83 782 140 842 telli
195 800 232 865 t,
251 782 383 844 nonnulli
405 782 446 843 sni
475 786 589 866 generis
616 784 760 846 arborem.

88 859 124 922 Di
143 880 183 925 ert
196 862 302 925 color:
321 861 363 924 est
382 866 461 924 enim
480 866 509 925 ei
528 865 760 928 caruleabacca.

88 942 208 1005 Accessit
224 945 260 1006 &
275 946 370 1026 regia,
381 964 446 1025 quae
464 947 556 1026 coepit
567 944 727 1086 Aupullaa
750 978 763 994 ·

88 1024 192 1105 pellari,
204 1026 424 1106 amplissima&
434 1025 539 1087 arbore
549 1028 582 1087 ἃ
590 1025 621 1086 fo
634 1028 763 1101 'o,·bac-

88 1105 123 1164 cit
140 1104 250 1188 gustatu
265 1126 326 1188 quo
349 1125 385 1166 ue
397 1124 456 1166 non
468 1104 583 1187 asperia.
594 1105 696 1189 Aliqui
705 1127 766 1181 nen,

135 1203 146 1245 t
163 1186 301 1247 eamdem
320 1207 336 1246 e
359 1203 394 1260 e,
413 1188 445 1249 dt
463 1185 545 1246 suum
558 1208 647 1268 genus
670 1189 759 1270 regiae

112 1268 201 1341 ciunt,
217 1267 400 1350 longioribus
411 1263 711 1350 foliislatioribusque.
723 1265 759 1328 Ii·

88 1345 146 1406 dem
160 1350 191 1409 in
210 1348 272 1408 alio
310 1367 398 1408 enere
423 1347 582 1408 baccaliam
612 1346 760 1429 appellant

86 1423 150 1488 lianc
164 1450 225 1511 quae
305 1430 447 1511 gatiseima
465 1426 525 1502 est,
545 1428 762 1509 baccarumque

89 1505 261 1570 fenilissima.
284 1502 422 1569 'Sterilem
446 1511 521 1570 verb
538 1525 635 1570 earum
651 1507 762 1591 (quod

88 1591 196 1651 maine
214 1589 337 1670 miror)
354 1589 577 1671 triumphalem,
592 1590 684 1672 eique
710 1588 762 1649 di·

88 1688 146 1730 cunt
160 1671 370 1752 triumphantes
384 1672 444 1731 uti:
460 1671 516 1730 nisi
533 1670 564 1730 id
582 1692 601 1730 a
614 1670 685 1730 divo
699 1671 761 1731 Au·

88 1748 158 1830 gullo
175 1755 286 1835 coepit,
310 1768 342 1812 ut
359 1750 547 1825 docebimus,
562 1771 598 1812 ex
609 1750 644 1813 ed
655 1750 761 1826 lauru,

84 1849 141 1971 pplae
155 1835 183 1893 ei
201 1830 285 1894 milla
301 1853 317 1894 e
339 1832 411 1894 caelo
440 1832 500 1908 est,
518 1834 637 1894 minima
660 1832 760 1894 altitu-

104 1914 110 1925 '
128 1913 243 1986 e,folio
259 1912 352 1995 crispo
376 1934 409 1973 ac
425 1913 534 1984 brevi,
549 1915 670 1975 inventu
681 1935 756 1975 rara.

86 1989 197 2055 Accedit
205 1999 238 2055 in
251 1995 376 2077 topiario
391 2015 482 2075 opere
490 2010 575 2068 taxa,
589 1992 760 2055 excrescen-

86 2087 111 2132 te
125 2076 152 2134 iu
167 2076 270 2138 medio
290 2074 363 2136 folio
384 2075 524 2155 parvulo,
542 2073 636 2135 veluti
652 2072 756 2136 lacinii
883 2150 887 2154 ²

85 2150 147 2216 folii.
165 2155 201 2217 Et
215 2159 281 2218 sine
298 2156 333 2216 ed
350 2153 506 2234 spadonia,
518 2155 591 2214 miti
604 2157 759 2236 opacitatis

86 2237 228 2374 pgrgentii:
243 2240 342 2319 itaque
353 2234 530 2316 quantalibet
541 2234 592 2294 sub
601 2234 704 2295 umbri
714 2233 759 2296 so·

158 2318 274 2401 implet.

121 2394 165 2458 list
185 2401 218 2459 &
239 2394 464 2478 chamaedaphne
493 2390 631 2455 silvestris
651 2389 762 2455 frutex-⁴

85 2471 128 2536 Est
146 2478 177 2537 &
195 2478 414 2550 Alexandrina,
429 2495 516 2559 quam
534 2474 620 2558 aliqui
638 2470 760 2547 ldaeam,

85 2556 127 2615 alii
145 2556 187 2638 hy
232 2558 377 2639 glofflon,
402 2558 450 2618 alii
466 2556 609 2629 Danaen,
629 2554 677 2616 alii
696 2574 760 2613 car·

83 2637 191 2718 pophyl
203 2659 265 2713 on,
283 2639 330 2698 alli
339 2639 496 2720 hypelaten
510 2652 627 2699 vocant.
647 2633 761 2695 Ramos

84 2713 180 2799 spargit
189 2741 208 2780 a
218 2718 314 2779 radice
326 2719 509 2780 dodrantales
519 2763 528 2789 ,
538 2717 680 2778 coronarii
687 2734 759 2795 ope·

86 2797 135 2870 rit,
146 2797 364 2866 touo'acutiore
392 2799 481 2881 quina
497 2799 609 2936 myrtili
623 2796 764 2891 molliore

635 2898 655 2958 ¹l
