1975 3575
245 303 310 377 34²
360 276 404 348 C,
422 277 601 346 Pururr
624 245 806 348 Nurur.
901 266 904 275 ’

238 419 275 459 ne
294 394 483 478 degustabant
503 395 619 476 quidem
643 415 735 456 novas
753 394 841 478 fruges
858 409 903 458 tut

212 480 327 550 «vina,
347 495 504 558 antequam
531 473 694 537 sacerdotes
715 478 900 561 primitias'li·

233 556 357 618 bellent.
448 630 451 634 ι
549 622 553 629 ,
957 592 958 627 r

279 635 678 720 Illnlugumvocabatur,
751 636 902 720 dunojugo
957 632 958 707 J

238 717 334 779 bourn
344 720 373 777 in
387 718 433 778 die
449 720 557 777 exarari
569 716 671 800 pollet.
690 659 798 794 gogus,
815 721 904 799 inquo.

239 800 338 861 boves
353 815 504 880 agerentur
524 820 592 858 curn
616 815 727 874 aratro,
748 820 805 860 uno
823 801 902 880 impe·
957 810 958 851 1

241 897 275 941 tu
291 877 375 957 justo.
395 879 453 940 Hic
465 896 527 938 erat
544 896 621 940 cxx.
639 881 771 975 pedum:
791 879 901 960 duplica-
957 912 958 947 1

243 958 345 1041 rusque
364 963 394 1019 in
412 959 624 1041 longitudinem
639 980 773 1043 jugerum
791 959 904 1021 faciebat.

243 1038 335 1101 Dona
356 1041 532 1121 amplissima
542 1042 749 1122 imperatorum
764 1063 795 1101 ac
804 1040 904 1101 fortium

242 1123 353 1182 civium
363 1165 374 1194 ,
391 1122 528 1202 quanrbru
545 1124 607 1201 quis
626 1141 685 1181 uno
702 1122 749 1181 die
789 1121 902 1181 lurirnbm

244 1198 494 1277 circumaravillet.
517 1198 593 1263 ltern
612 1203 748 1282 quartarii
766 1144 904 1273 latrinam

244 1282 386 1354 heminae,
410 1279 578 1342 conferente
601 1281 724 1364 populo.
741 1279 905 1364 Cognomina

245 1366 337 1424 etiarn
352 1364 444 1444 prima
459 1361 550 1433 inde,
569 1361 708 1436 Pilumni,
722 1364 771 1444 qui
781 1363 860 1443 pilum
868 1361 905 1440 pi·

246 1442 341 1503 strinis
358 1444 530 1502 invenerat:
547 1440 655 1502 Pisonis
666 1486 676 1516 ,
688 1466 706 1504 a
716 1442 836 1524 pisendo.
850 1441 903 1503 lam

245 1521 424 1595 Fabiorum,
447 1522 658 1596 Lentulorum,
678 1522 860 1596 Ciceronum,
877 1537 904 1580 ut

246 1602 368 1686 quisque
388 1600 506 1682 aliturod
526 1604 637 1683 optime
648 1598 904 1685 genus'sereretdu·

246 1686 363 1744 niorurn
373 1682 488 1743 familiae
499 1682 660 1744 Bubulcum
670 1689 856 1756 nominarunt,
864 1680 906 1763 qui

245 1762 340 1826 bubus
354 1764 466 1843 optime
485 1764 630 1830 utebatur.
649 1763 736 1845 Quin
753 1767 784 1830 &
796 1767 823 1827 in
836 1763 905 1824 sauir
958 1809 959 1816 r

244 1844 318 1904 nihil
347 1843 507 1925 religiosius
540 1844 773 1909 confarreationis
805 1843 905 1909 vinculo
958 1875 959 1924 j

129 1971 134 1978 s
246 1940 333 1986 erat:
359 1945 504 2007 novaeque
524 1944 621 2008 nuptae
644 1925 771 1989 farreum
789 1925 907 2010 prefere-

246 2001 325 2065 bant.
339 2005 452 2087 Agrum
467 2006 544 2066 male
558 2008 674 2082 colere,
686 2008 841 2070 censorium
851 2024 907 2088 pro·

247 2086 333 2160 brum
348 2084 535 2167 judicabatur.
558 2085 657 2170 Atque
671 2087 722 2170 (ut
734 2088 818 2151 refert
827 2081 909 2164 Cato)

249 2187 339 2249 quem
357 2170 453 2227 virum
474 2167 587 2228 bonum
617 2170 757 2230 colonum
780 2163 907 2232 dixissent.

129 2281 133 2284 ·
249 2248 425 2328 amplissime
443 2246 566 2311 laudaffe
586 2248 793 2313 existimabant.
806 2245 909 2310 Hinc&

248 2329 412 2408 locupletes
435 2328 585 2401 dicebant,
601 2329 681 2403 loci,
704 2332 761 2393 hoc
780 2329 845 2402 est,
862 2344 910 2407 agr!

798 2408 911 2571 dii

249 2409 364 2492 plenos.
389 2408 511 2469 Pecunia
531 2409 591 2491 ipsa
607 2433 626 2471 a
643 2431 752 2491 pecore
764 2430 833 2553 agpe

779 2515 798 2555 o

251 2507 309 2550 tur.
327 2488 420 2549 Etiam
438 2510 515 2551 nunc
533 2492 563 2551 in
584 2491 687 2554 tabulis
711 2513 767 2553 cen

251 2591 306 2630 cua
332 2568 464 2632 dicuntur
483 2574 602 2643 omnia,
619 2593 655 2632 ex
677 2573 780 2654 quibus
804 2567 912 2654 populus

251 2650 361 2712 reditus
380 2650 479 2721 habet,
497 2653 564 2733 quia
580 2652 629 2712 diu
646 2652 704 2714 hoc
725 2652 817 2715 solum
837 2646 913 2710 vedi-

250 2731 297 2868 gal
307 2730 409 2791 fuerat.
417 2730 554 2794 Multatio
565 2754 681 2815 quoque
694 2741 754 2794 iton
762 2735 816 2794 nisi
826 2732 912 2793 orium

272 2829 399 2892 cumque
425 2812 575 2897 impendio
598 2813 764 2879 dicebatur:
777 2807 914 2878 nonouitr
