1975 3575
254 253 323 332 310
372 227 411 298 C.
437 222 612 296 Pistris
639 219 834 296 Nnrvr't.

289 348 365 408 Vitis
381 362 538 427 antequam
551 340 702 425 septimum
712 365 823 404 annum
845 335 923 405 asur·

244 430 315 490 culo
335 416 503 509 'compleam
520 440 640 486 evocata
656 425 693 484 ad
709 422 835 486 stadum
854 423 924 506 ejun-

244 508 355 582 cescit‚
367 529 401 568 ac
410 509 538 568 moritur.
549 504 614 565 Nec
626 521 762 565 veterem
775 507 869 588 placet
876 504 922 588 pal

246 592 353 650 mitem
369 590 400 648 in
414 588 555 670 longum,
576 588 610 649 &
627 585 667 645 ad
686 603 824 667 quartum
844 584 920 667 usque

246 671 454 753 pedamentum
477 667 585 738 emitti,
599 664 681 747 quod
701 667 751 726 alii
772 667 919 738 dracones,

246 751 298 811 alii
314 749 453 832 juniculos
464 764 590 820 vocant,
607 764 640 807 ut
654 745 761 808 saciant
778 769 843 830 quae
863 745 920 807 mas·

248 831 343 892 culeta
363 828 518 912 appellant.
543 825 623 888 Ciam
631 827 762 888 induruit
771 830 917 908 ritis,pes

249 913 400 972 simumin
422 909 511 970 vinei
534 909 693 968 traducere.
717 906 836 988 Quinto
854 927 917 967 anuo

250 993 286 1054 &
299 994 355 1072 ipsi
363 1044 365 1047 .
373 990 505 1129 palmites
518 991 740 1070 intorquentur,
757 987 917 1072 singulaque

248 1092 270 1133 e
293 1073 410 1153 singnis
424 1071 554 1138 materiae
570 1073 761 1144 emittuntur,
778 1092 812 1130 ac
827 1067 915 1129 deinde
958 1096 959 1149 q

249 1172 268 1213 e
288 1154 445 1233 proximis,
457 1148 623 1233 prioresque
642 1167 838 1231 amputantur.
849 1148 915 1209 Sem·

249 1252 306 1315 per
322 1230 473 1293 custodem
485 1231 608 1312 relinqui
622 1231 748 1292 melius:
765 1230 812 1293 sed
826 1233 848 1290 is
859 1249 914 1311 pro·
958 1244 959 1253 ¹

250 1314 346 1374 ximus
362 1314 416 1375 viti
434 1311 492 1373 esse
513 1312 615 1381 debet,
638 1331 695 1371 nec
714 1312 829 1395 longior
843 1309 913 1390 quim

249 1393 359 1454 dietum
377 1391 436 1453 est:
455 1394 508 1467 &‚
524 1394 548 1452 si
567 1391 776 1454 luxuriaverint
786 1391 912 1474 palmites,
958 1418 959 1451 l

250 1473 410 1565 intorqueri
421 1495 430 1534 ι
440 1490 473 1534 ut
482 1489 605 1555 quatuor
619 1474 756 1534 materias
766 1473 831 1548 ‚vel
837 1472 912 1542 duas,
958 1456 959 1543 l

250 1557 278 1616 si
293 1556 411 1636 unijuge
426 1555 481 1614 erit
502 1555 606 1628 vinea,
628 1557 758 1617 emittat.
958 1546 959 1615 l

291 1631 322 1694 si
333 1633 424 1717 perse
435 1636 503 1694 vitis
514 1634 690 1694 ordinabitur
701 1637 769 1697 sine
777 1634 911 1718 pedamen·
958 1622 959 1649 ¹

247 1715 526 1854 to,qudecumme
545 1717 627 1777 initio
640 1715 843 1778 adminiculum
853 1712 912 1772 desi·

248 1794 302 1854 der
342 1795 471 1866 it,‚dum
492 1795 565 1858 stare
584 1795 733 1858 condiscat
746 1791 911 1862 &sesbasar-

247 1893 328 1957 gere.
347 1873 489 1937 Ceteraa
509 1878 669 1958 primordio
685 1879 800 1940 eadem.
825 1872 911 1938 Dividi

247 1971 347 2016 autem
375 1959 524 2038 putatione
552 1959 673 2038 pollices
690 1960 722 2020 in
741 1958 841 2042 aequali
858 1974 910 2015 exa·
958 1969 959 2032 l

248 2038 329 2097 mine
353 2038 502 2119 undique,
521 2059 558 2099 ne
576 2058 738 2121 praegravet
753 2038 911 2116 frutluspn·

247 2118 408 2199 te'aliqud,
429 2118 526 2179 obiter
544 2120 624 2180 idem
642 2121 808 2201 deprimens
828 2116 910 2199 prohi-
958 2133 959 2194 ξ

249 2197 335 2260 bebit
355 2200 385 2257 in
409 2198 552 2259 excelsum
571 2203 704 2262 emicare.
732 2202 810 2263 Huic
832 2200 910 2259 vinea
958 2199 959 2272 ξ

248 2280 339 2339 trium
354 2277 462 2360 pedum
480 2281 604 2343 altitudo
621 2283 764 2344 excelsior
773 2296 862 2342 nutat:
873 2295 910 2336 ce·

247 2362 353 2420 renisa
372 2362 491 2439 quinto,
513 2362 584 2422 dum
604 2381 642 2422 ne
658 2363 781 2423 excedat
806 2358 909 2422 hominis
958 2347 959 2404 l

248 2439 460 2522 longitudinem
477 2440 590 2519 justam.
601 2441 640 2503 lis
649 2437 909 2525 quoquepquaespar·

250 2537 355 2601 guntur
374 2520 405 2579 in
420 2522 512 2597 terrd,
526 2523 632 2583 breves
644 2523 680 2582 ad
691 2523 866 2584 innitendum
873 2537 910 2577 ca·
958 2577 959 2586 ,

246 2620 321 2659 reas
335 2600 531 2675 circumdant,
552 2602 702 2678 scrobibus
719 2625 772 2687 per
788 2602 909 2682 ambitum

248 2678 351 2749 sadis,
369 2700 407 2741 ne
421 2684 489 2764 vagi
508 2684 641 2774 palmites
660 2688 738 2745 inter
753 2683 783 2745 se
800 2692 909 2765 pugneql

249 2759 448 2826 occurssutes:
464 2783 615 2846 majorque
633 2786 699 2846 pars
718 2783 858 2828 terrarum
878 2760 908 2819 5¹²
