1975 3575
182 284 398 364 nzsron.
423 293 494 364 nb.
518 292 599 365 xv.
659 293 727 389 κός

63 424 115 473 tem
129 413 262 472 emarcuit
282 410 424 494 majestas.
448 410 532 491 Quin
543 413 574 474 &
586 433 632 472 ara
640 430 726 475 vetus

64 493 108 555 fuit
118 491 224 554 Veneri
240 491 486 576 Myrteae,quam
498 513 574 553 nunc
583 491 727 555 Murciam

69 590 170 636 vocant.

95 651 243 714 xxxvu.
265 651 342 715 Cato
358 655 413 713 tria
431 673 539 736 genera
554 655 644 734 myrti
659 675 729 735 pto·

65 732 144 809 didit,
169 737 305 818 nigram,
325 734 493 808 candidam,
518 732 729 816 conjugulam,

66 811 175 876 fortassis
192 839 208 875 a
227 814 318 896 conju
337 817 388 887 is,
403 818 435 877 &
451 816 503 875 illo
521 813 668 876 Ciuacinae
680 835 734 897 ge·

66 915 130 956 nere.
145 896 228 957 Nunc
248 898 283 958 &
305 835 360 955 aXia
376 894 538 968 distinffio,
555 893 670 966 sativae,
682 910 731 955 aut

67 975 201 1038 silvestris:
216 979 293 1039 &in
305 976 427 1057 utrique
445 975 583 1036 latifoliae.
600 973 634 1036 In
646 978 733 1035 silve·

67 1052 120 1129 tiri,
136 1060 252 1139 proptia
277 1059 481 1137 oxymyrsine.
503 1055 661 1116 sativarum
679 1076 733 1139 ge·

67 1156 122 1196 nera
131 1141 242 1219 topiarii
253 1135 377 1197 faciunt:
388 1135 572 1196 Tarentinam
581 1181 590 1208 ,
599 1135 672 1199 folio
680 1138 732 1196 mi·

67 1236 124 1278 nuto
135 1241 141 1280 :
151 1217 326 1286 nostratem,
335 1217 433 1297 patulo
444 1217 652 1277 :hexasticham
661 1217 732 1278 den·

68 1300 162 1360 sissimo
172 1345 181 1372 ,
190 1301 269 1361 senis
281 1297 419 1358 foliorum
430 1300 571 1358 versibus.
586 1297 660 1357 Haec
670 1317 731 1359 non

69 1376 101 1437 est
113 1380 217 1441 inusut
241 1377 354 1439 ramosa
370 1397 492 1460 utraque
505 1378 567 1438 alia.
579 1375 734 1460 Con'ugu·

67 1458 115 1520 lan
133 1459 266 1522 existimo
291 1480 368 1519 nunc
387 1458 544 1520 nostratem
563 1458 630 1520 dici.
680 1472 734 1539 yr‘·

68 1554 105 1599 tus
120 1542 320 1603 odoratissima
338 1543 370 1599 in
389 1538 533 1622 AEgypto.
544 1537 620 1600 Cato
633 1539 733 1599 docuit

69 1621 153 1682 vinum
166 1622 230 1684 fieri
251 1643 268 1681 e
291 1621 391 1702 nigri,
408 1621 512 1681 siccati
533 1619 621 1702 usque
640 1622 669 1679 in
682 1621 735 1680 ari·

70 1700 172 1764 ditatem
189 1706 219 1764 in
242 1703 364 1773 umbri,
382 1718 468 1783 atque
488 1704 527 1762 ita
546 1700 640 1762 musto
659 1700 734 1761 indi·-

69 1782 102 1843 εἰ,
118 1780 145 1844 Si
163 1807 221 1846 non
241 1785 385 1844 siccentur
404 1782 517 1856 baccae,
535 1785 633 1845 oleum
644 1784 671 1866 gi
693 1782 732 1845 ni.

69 1861 157 1926 Postea
164 1883 368 1948 compertum,
381 1865 414 1924 &
428 1885 466 1924 ex
481 1865 656 1926 albivinam
668 1803 732 1924 Xeri

70 1943 169 2019 dbum,
189 1947 307 2008 duobus
335 1942 461 2005 sextariis
483 1947 574 2025 myrti
594 1944 680 2017 tusae,
701 1946 733 2004 in

69 2025 119 2085 vini
132 2028 218 2088 tribus
238 2028 363 2087 heminis
388 2044 557 2098 maceratae,
578 2023 736 2108 express'aeq

69 2125 125 2185 qne.
139 2108 219 2168 Folia
240 2110 274 2169 &
294 2127 344 2188 per
360 2104 388 2165 se
407 2109 546 2167 siccantur
557 2110 585 2167 in
595 2106 733 2177 farinam,

70 2185 101 2245 ad
116 2187 242 2249 ulcerum
265 2186 394 2248 remedia
408 2188 437 2244 in
452 2207 576 2267 corpore
587 2188 734 2255 humano,

70 2263 158 2328 leniter
174 2267 305 2330 mordaci
325 2267 469 2349 pulvere,
485 2287 518 2325 ac
530 2264 736 2347 refrigerandis

70 2341 219 2409 sudoribus.
242 2347 418 2428 Quinimmo
441 2345 511 2406 oleo
529 2365 651 2485 ¹quoque
664 2343 737 2425 (mi·

70 2445 125 2488 mm
137 2427 234 2510 dictu)
246 2426 318 2488 inest
329 2428 446 2507 quidam
458 2428 519 2487 vini
540 2447 628 2506 opor,
638 2424 737 2484 simul·

70 2526 120 2586 que
137 2512 250 2591 pinguis
261 2509 380 2589 iiquor,
398 2507 542 2589 praecipuo
558 2508 589 2567 vi
602 2506 638 2566 ad
648 2508 738 2565 corri-

69 2587 153 2667 genda
170 2594 260 2660 vina,
277 2587 364 2648 saccis
379 2590 444 2649 ante
462 2587 594 2668 perfusis.
619 2587 739 2647 Retinet

68 2670 168 2750 quippe
186 2668 309 2740 faecem,
323 2689 379 2728 nec
397 2686 500 2751 praeter
520 2688 623 2748 purum
642 2669 739 2749 liquo·
790 2698 795 2709 ·

68 2766 123 2807 rem
140 2753 262 2810 transire
280 2751 410 2829 patitur,
436 2747 586 2830 datquese
602 2750 739 2807 comitem

68 2831 209 2911 praecipui
228 2829 481 2910 commendatione
502 2831 621 2913 liquato.
641 2828 738 2912 Yirgte

105 2906 206 2971 Tomus
223 2909 294 2975 ΙΙΙ,
591 2906 621 2969 H
