1975 3575
217 289 264 362 82
339 287 375 360 C.
400 291 576 359 ΡιιΝιι
601 289 789 360 ΝΑτυκ.

215 412 309 471 hrum·
323 410 401 470 enim
411 453 422 481 ,
441 410 568 471 &totus
597 406 729 469 Orientis
757 407 932 474 Oceanus

116 547 119 556 ,
216 489 339 550 refertus
355 488 396 550 est
415 490 505 562 silvis.
527 488 598 550 Non
616 489 702 550 habet
727 490 828 571 lingua
853 493 928 553 alia

215 591 343 642 nomen,
353 571 433 651 quod
448 569 546 631 Graeci
553 588 661 632 vocant
676 570 813 652 phycos:
827 594 935 654 quo·-

216 653 294 712 niam
314 652 378 734 alga
394 651 547 712 herbarum
563 654 654 732 magis
671 652 859 713 vocabulum
873 656 924 713 in·

215 733 369 815 telligitur:
382 733 428 793 hic
444 750 542 793 aurern
565 730 607 792 est
623 731 728 791 frutex.
750 731 838 793 Folia
861 734 921 795 la·

216 830 247 873 ra
263 815 362 875 colore
381 814 466 875 viridi
486 814 591 895 gignit,
606 813 687 894 quod
697 814 816 894 quidam
831 828 921 895 prad

218 894 271 957 son
292 911 420 969 vocant,
438 894 485 954 alii
501 892 620 954 zostera
642 892 777 953 Alterum
807 915 921 977 genus

219 974 369 1056 ejusdem,
389 975 545 1058 capillaceo
562 973 654 1047 folio,
674 976 767 1035 simile
786 973 918 1037 fenicu-

219 1059 270 1130 lo,
281 1061 311 1118 in
321 1056 391 1117 saxis
399 1056 541 1117 nasciturt
552 1054 678 1136 superius
687 1057 717 1114 in
728 1056 810 1116 vadis
821 1057 919 1119 haud

219 1138 323 1220 procul
343 1138 445 1198 litore:
462 1157 556 1197 verno
576 1154 750 1217 utrumquet
772 1138 804 1197 &
828 1141 915 1200 inte·

218 1221 256 1278 rit
278 1234 426 1277 autumno.
452 1215 539 1278 Circa
558 1214 679 1277 Cretam
693 1216 811 1276 insulam
830 1236 919 1280 nato

219 1300 250 1359 in
266 1301 354 1380 petris
368 1318 507 1379 purpuras
530 1318 648 1379 quoque
668 1295 815 1369 inliciunt,
841 1301 915 1362 lau·

221 1381 372 1441 clarissimo
388 1403 404 1440 a
418 1396 499 1461 parte
513 1378 688 1460 Aquilonis,
703 1396 750 1439 aut
763 1378 916 1462 spongiis.
980 1417 981 1436 r

222 1460 355 1522 Tertium
375 1459 415 1520 est
433 1461 553 1599 imi
571 1460 680 1532 simile,
698 1460 795 1520 radice
815 1465 914 1543 geni*

186 1581 188 1586 ,
222 1539 315 1602 culari
330 1543 363 1602 &
382 1556 480 1611 caue,
500 1539 620 1620 qualiter
642 1540 752 1601 calami.
815 1592 820 1606 .

262 1619 369 1682 XLIX.
389 1620 479 1682 Aliud
498 1641 587 1703 genus
597 1620 730 1681 fruticum
738 1622 836 1705 bryon
848 1634 913 1687 vo³

222 1719 319 1773 catur,
340 1700 414 1762 folio
439 1701 575 1774 lalhwae,
596 1704 746 1784 rugosiore
771 1707 912 1779 tantiam,

220 1782 279 1863 jam
300 1784 356 1844 hoc
377 1784 495 1844 interius
525 1781 652 1844 nascens.
680 1782 714 1843 In
740 1784 800 1846 alto
824 1789 912 1849 veli)

222 1863 300 1925 abies
319 1866 351 1925 &
370 1884 492 1946 quercus
519 1864 635 1938 cubitali
659 1866 820 1927 altitudine.
839 1867 911 1928 Ra·

223 1946 277 2006 mis
297 1966 394 2007 earum
409 1945 555 2021 adhaerent
574 1945 702 2007 conchae.
719 1945 846 2026 -Quercu
870 1950 909 2011 &

221 2027 292 2108 tingi
311 2027 387 2085 lanas
406 2027 529 2087 tradunt.
550 2024 697 2088 Glandem
714 2032 802 2088 etiam
821 2028 909 2110 quas·

222 2107 289 2166 dam
306 2107 381 2167 ferre
400 2110 430 2166 in
451 2107 533 2168 alto:
553 2107 695 2191 naufragis
713 2109 774 2169 haec
794 2109 907 2191 depre-

220 2186 309 2249 hensa
336 2187 514 2248 urinantibus
530 2209 576 2248 ue.
605 2187 642 2249 Et
664 2190 726 2250 aliae
751 2191 910 2251 traduntur

220 2270 402 2353 praegrandes
423 2211 702 2351 circaiicyonem:
726 2273 792 2330 vitis
822 2273 906 2333 enim

241 2355 325 2412 assim
340 2350 478 2413 nascitur:
493 2350 543 2412 sed
559 2351 629 2412 ficus
650 2354 710 2412 sine
728 2351 827 2425 foliis,
851 2373 907 2414 ru·

220 2372 275 2493 iro
293 2436 411 2494 cortice.
431 2433 476 2491 Fit
495 2432 640 2512 &palma
659 2432 794 2493 fruticum
811 2453 907 2516 gene·

217 2512 271 2574 τίει
294 2512 380 2574 Extra
397 2512 533 2571 Herculis
550 2513 698 2573 columnas
717 2518 796 2594 porri
817 2514 905 2576 fron⁴

217 2593 256 2653 de
274 2593 394 2655 nascitur
413 2592 528 2666 frutex,
549 2593 581 2654 &
592 2595 663 2654 allus
676 2595 768 2668 lauri,
781 2597 813 2657 &
825 2596 903 2675 thy·

215 2675 335 2756 mi,qui
353 2673 440 2736 ambo
459 2673 543 2754 ejelli
561 2676 592 2734 in
611 2677 758 2758 pumicem
780 2675 901 2738 transfi-

214 2771 362 2835 gurantur.
666 2786 667 2789 ¹
725 2788 727 2791 ·

221 2850 227 2883 ’-
251 2833 286 2898 L.
304 2835 347 2897 At
366 2838 396 2900 in
411 2835 535 2904 Oriente
553 2837 659 2901 mirum
684 2836 748 2916 est,
770 2836 868 2903 statim
881 2860 901 2901 2
940 2862 948 2880 ¹
