1975 3575
211 213 264 287 60
315 213 809 290 curinrrmrur.

215 356 276 397 non
296 334 373 396 alibi.
391 334 469 396 Ante
481 337 579 396 omnia
588 333 685 406 ficus,
700 338 741 399 ob
750 338 781 397 id
789 335 865 419 AEgy

214 417 255 475 tia
275 419 486 498 cognominata.
507 415 605 478 Arbor
627 438 717 478 moto
735 419 833 480 similis
864 438 894 475 o·

214 496 509 578 lio‚rnagnitudine‚
534 495 659 578 espessu.
689 498 814 558 Pomum
844 495 896 556 sert

214 597 276 638 non
292 581 394 649 ramis,
413 576 462 638 sed
482 578 602 638 caudice
615 577 691 659 ipso.
705 578 799 660 idque
809 576 895 659 ipsunt

216 655 289 717 sicus
311 657 352 719 est
369 658 538 741 praedulcis,
557 660 619 720 sine
640 662 739 742 granis
759 657 896 719 interiori·

214 737 270 798 bus
282 784 292 812 ,
303 760 444 822 perquam
460 737 587 799 fecundo
600 757 771 819 proventu,
779 738 896 820 scalper·

215 818 258 880 do
268 823 377 880 rantum
392 818 491 880 setteis
504 821 664 902 unguibus:
676 823 763 882 aliter
773 842 831 880 non
842 839 896 877 ma·

211 899 343 963 rurescit.
359 898 417 962 Sed
438 902 506 960 cum
524 898 628 961 fadum
646 900 710 975 est,
732 918 836 984 quarto
853 899 896 959 die

214 981 398 1053 demetitur,
421 981 477 1042 alio
501 978 706 1045 subnascente:
726 981 844 1063 septeno
860 981 895 1038 ita

215 1062 485 1201 numerosqqrartu,
507 1083 559 1142 per
568 1064 697 1144 singulas
708 1062 817 1124 aestates
831 1058 896 1121 mul·

215 1158 248 1203 to
268 1142 339 1203 lacte
397 1142 535 1205 undante.
553 1140 754 1218 Subnascitur‚
773 1140 895 1205 etiamsi

216 1243 279 1284 non
299 1222 456 1305 scalpatur,
476 1221 552 1283 setus
570 1241 673 1305 quater
692 1224 808 1297 aestate,
821 1224 894 1305 prio·

214 1324 337 1387 remque
347 1303 467 1385 expellit
475 1306 672 1367 immaturum.
686 1306 826 1367 Materies
836 1322 894 1385 prn-

215 1388 272 1468 prii
295 1389 407 1469 generis
426 1388 501 1446 inter
518 1387 693 1448 utilissimas.
713 1385 796 1449 Caesa
808 1384 894 1446 statim

214 1465 322 1549 stagnis
342 1467 499 1547 mergitur:
512 1465 569 1526 hoc
590 1464 631 1525 est
650 1465 713 1546 ejus
733 1467 839 1529 siccari.
859 1460 893 1522 Et

215 1548 312 1628 primi>
327 1546 407 1619 sidit,
423 1544 523 1626 postea
536 1545 649 1608 fluitare
669 1550 788 1630 incipit:
802 1541 893 1607 cettd·

216 1647 274 1709 que
296 1625 368 1708 sugit
387 1646 451 1687 eam
472 1626 580 1687 alienus
602 1626 728 1702 humor,
743 1631 793 1711 qui
814 1627 892 1687 aliam

215 1727 337 1770 omnent
351 1710 433 1790 rigat.
449 1705 526 1768 Cium
538 1711 667 1770 innatare
677 1712 814 1793 coeperit,
824 1723 893 1769 tetu-

215 1786 335 1870 pestivae
355 1786 575 1871 habetsignutn.

256 1867 326 1930 XV.
345 1869 421 1930 Huic
432 1871 532 1931 similis
543 1871 754 1953 quadamtenus
767 1893 831 1955 qua
842 1876 892 1930 voi

216 1966 296 2011 catur
318 1947 431 2032 Cypria
450 1951 522 2012 ficus
545 1955 574 2012 in
592 1951 693 2015 creta.
705 1955 784 2016 Nam
801 1949 892 2014 &511³

215 2032 247 2091 in
273 2031 391 2094 caudice
412 2030 474 2114 ipso
498 2031 554 2094 sert
576 2054 719 2114 pomum,
742 2038 774 2098 δι
796 2032 892 2102 ramis,

215 2114 284 2173 cum
301 2114 331 2171 in
347 2114 563 2174 crassitudinem
581 2114 749 2177 adolevere.
767 2113 825 2175 Sed
835 2112 892 2171 hac

216 2195 348 2277 germina
366 2196 470 2256 emittit
483 2197 547 2257 sine
559 2195 622 2256 ullis
635 2195 712 2258 soliis
727 2220 734 2258 ε
751 2195 846 2256 radice
857 2191 891 2249 si·
960 2230 961 2237 κ

186 2323 191 2335 .
214 2275 291 2336 milis
312 2275 440 2359 populo,
454 2273 556 2338 folium
576 2276 666 2337 ultno.
689 2276 808 2340 Fruuus
831 2291 893 2354 qua·

214 2373 316 2417 ternos
326 2354 435 2419 fundit:
448 2359 575 2418 toties&
585 2361 736 2438 germinat.
747 2356 805 2418 Sed
816 2348 892 2445 gros·

214 2435 261 2497 sus
277 2435 337 2515 ejus
354 2460 414 2498 non
430 2435 608 2511 maturescit,
619 2441 673 2498 nisi
682 2435 803 2498 incisura
813 2427 893 2494 enus·

215 2515 247 2578 so
267 2517 348 2578 lade.
372 2516 504 2578 Suavitas
523 2517 555 2580 &
572 2519 728 2596 interiora,
750 2516 818 2578 fici:
833 2531 891 2574 uta·

214 2599 353 2680 gnitudo‚
371 2596 457 2659 sorbi.

255 2678 338 2739 XVI.
359 2677 387 2739 8.
401 2677 506 2739 Similis
522 2680 554 2742 &
581 2702 669 2763 quam
696 2680 783 2743 Iones
801 2679 892 2737 'cerci

213 2758 291 2821 niam
310 2777 436 2822 vocant:
451 2777 553 2824 trunco
573 2760 605 2825 δι
624 2761 684 2846 ipsa
705 2759 825 2830 fertilis,
840 2751 887 2816 sed
