1975 3575
255 256 323 347 292
374 251 410 322 C.
432 252 615 323 Patulr
637 252 829 325 NAw‘r.
966 250 968 279 l

249 373 326 434 &ura
346 369 471 433 inferior
495 388 619 454 ponatur
641 371 775 453 semper,
800 374 831 435 dc
846 366 918 454 quod

247 454 304 514 erit
319 452 357 512 ab
376 455 496 514 radice:
520 453 778 535 adcumuleturque
792 458 918 536 getnina-

245 536 288 594 tio
311 532 405 607 tend,
423 535 519 595 donec
536 533 626 593 robur
642 534 740 614 planta
762 537 859 614 capiat.
907 568 912 579 ·

244 651 250 659 ·
285 612 398 675 XXIX.
426 615 471 676 18.
490 612 570 704 Quae
587 612 778 675 custodienda
798 619 826 674 itt
845 611 919 674 oleae*
966 640 967 695 p

244 714 311 755 rum
329 697 396 755 curd
416 692 491 755 Cato
508 694 702 774 judicaverit,
723 697 813 776 ipsius
830 695 917 755 verbis
966 700 967 765 l

244 776 356 856 optimd
373 776 582 856 praecipiemus.
597 796 617 828 ιι
627 772 733 836 Taleas
744 776 914 856 oleagineos,
966 770 968 819 l

244 880 265 915 n
279 857 390 936 quasin
405 854 507 916 scrobe
526 853 730 929 saturareris,
746 854 913 937 tripedaneas

243 961 264 995 ss
276 935 365 996 facito
382 957 393 1010 3
412 936 622 1019 diligenterque
635 934 778 1011 ttadlato,
796 957 832 996 ne
851 932 916 997 libet
966 956 967 1009 l

243 1041 266 1077 rs
281 1017 411 1090 laboret,
431 1019 498 1078 clun
517 1016 644 1087 dolabis,
656 1034 705 1076 aut
712 1014 827 1077 secabis.
840 1015 914 1095 Quas
966 1012 967 1067 l

244 1098 317 1157 stin·
327 1096 475 1157 seminatio
484 1096 591 1157 saturus
603 1098 674 1170 eris,
690 1096 808 1176 pedales
818 1096 911 1157 facito:
966 1100 967 1103 ’

244 1201 266 1239 u
278 1197 326 1237 eas
355 1179 396 1237 sic
414 1176 530 1238 inserito
543 1181 553 1238 ι’
567 1174 650 1237 locus
670 1175 780 1257 bipalio
791 1175 912 1237 -subadlus
966 1182 967 1253 g

244 1278 265 1318 ss
280 1260 332 1333 sit,
346 1258 478 1340 beneque
497 1257 602 1339 glutus.
621 1255 700 1319 Cium
710 1258 815 1319 taleam
827 1257 913 1318 demit·
966 1274 967 1289 ¹

243 1362 264 1399 ss
276 1355 341 1409 tes,
358 1339 434 1419 pede
458 1339 563 1400 taleam
582 1339 751 1418 opprimito.
780 1336 808 1399 Si
844 1356 910 1398 atum

242 1416 453 1493 ss'descendat,
471 1419 578 1479 malleo
595 1433 643 1477 aut
661 1361 913 1501 mateoldadigitos

242 1522 264 1559 ss
277 1517 456 1580 cavetoque,
472 1519 510 1559 ne
528 1496 770 1573 librumscindas,
786 1501 849 1561 clun
858 1497 910 1561 adi·

242 1601 265 1639 υ
279 1599 339 1661 ges.
358 1579 428 1640 Palo
449 1581 528 1660 prius
550 1579 648 1640 locum
667 1599 705 1639 ne
732 1579 848 1650 feceris,
859 1598 910 1720 quo

242 1661 384 1720 »taleam
408 1660 562 1732 demittas,
578 1662 618 1721 ita
635 1660 739 1721 melius
759 1664 846 1722 vivet.
884 1680 909 1719 a·
966 1714 967 1719 ,

240 1764 265 1799 o
281 1738 334 1802 leae
353 1740 403 1802 ubi
418 1743 509 1814 tritnae
527 1739 610 1810 sunt,
626 1757 688 1804 tutu
707 1741 774 1802 deni
796 1761 830 1802 ue
846 1759 908 1801 curae
966 1744 967 1790 l

241 1844 263 1881 ss
276 1821 356 1890 sint,
367 1820 417 1880 ubi
437 1822 510 1882 liber
530 1820 558 1882 se
575 1838 678 1885 vertet.
699 1764 908 1902 Siinicrobibus

242 1926 265 1962 ss
276 1916 325 1960 aut
338 1901 369 1960 in
382 1898 464 1962 sulcis
480 1900 557 1963 seres
567 1946 577 1977 ,
589 1918 684 1964 ternas
702 1902 792 1964 taleas
804 1905 905 1986 ponito:
966 1907 967 1932 ¹

137 2033 139 2036 .
240 2008 266 2042 a>
285 1980 388 2061 easque
407 1982 565 2044 divaricato
577 1981 659 2064 supra
669 1999 796 2057 terram,
811 2005 845 2045 ne
854 1983 906 2065 plus

243 2087 264 2121 υ
279 2078 403 2143 quatuor
435 2063 541 2145 digitos
564 2062 741 2125 transversos
761 2068 907 2136 emineant,

240 2167 263 2202 ss
278 2140 907 2227 gemmdveloculoservatoo.Diligentereri-

240 2243 328 2289 tuere
340 2223 435 2304 oleam
445 2237 579 2306 oportet,
592 2226 625 2286 &
638 2225 748 2286 radices
759 2225 842 2308 qudtn
853 2224 907 2307 plu·

237 2307 332 2365 rimas
354 2324 421 2365 curn
442 2304 521 2366 terrd
540 2302 625 2366 ferre.
638 2304 699 2367 Ubi
720 2308 830 2368 radices
842 2307 907 2366 bene

239 2387 412 2468 operueris,
426 2385 535 2447 calcare
550 2386 626 2446 bene
644 2387 765 2468 nequid
784 2402 889 2454 noceat.

238 2497 243 2530 ;
283 2464 380 2526 XXX„
392 2463 422 2526 Si
435 2468 499 2548 quis
511 2483 619 2548 quartat
627 2467 708 2547 quod
718 2484 833 2550 tempus
843 2465 907 2530 olea

237 2544 368 2607 >serendae
387 2547 449 2618 sit,
473 2566 545 2629 agro
561 2548 650 2607 ⁴sicco
672 2566 727 2628 per
743 2546 907 2616 sementem,

237 2646 314 2709 agro
331 2626 397 2687 laeto
409 2646 543 2706 petver.
563 2624 719 2688 Olivetum
734 2627 834 2692 diebus
856 2643 907 2687 xv.

236 2724 309 2766 ante
324 2705 526 2788 aequinodium
539 2725 660 2770 vernum
669 2710 791 2789 incipito
806 2724 909 2853 putare·

241 2782 908 2872 heodedesxureuepuubudhoc
