1975 3575
206 264 418 334 Histoi.
444 261 518 334 Lib.
541 262 623 335 XV.
677 263 742 336 161

67 380 149 444 Nunc
170 383 253 464 plura
275 402 373 442 earum
389 402 503 463 genera.
524 380 688 443 Tarentinae
700 381 745 443 fa-

68 465 150 537 ciler,
160 485 216 525 nec
226 461 357 545 operosae
372 463 460 534 cibo,
473 462 564 542 plante
574 459 673 545 figuti.
684 462 745 524 Ro·

69 545 210 619 uiuidior,⁴
300 543 430 603 balanitis
445 558 590 615 vocatur,
632 543 745 626 urgabi·

71 622 102 682 lis
123 628 228 686 maxim
257 624 315 697 ,δι
326 620 427 704 sponte
439 621 600 703 prosiliens.
612 565 691 682 l'ura
712 625 745 685 dc

71 705 152 784 plana
172 704 267 766 estex
287 706 328 764 eis
350 704 383 764 δι
410 703 571 763 Salaniana:
589 701 746 764 Tarentina

72 787 162 845 minius
179 783 330 845 tradabilis
344 807 353 845 :
366 784 509 844 laudatior
521 780 705 855 Corelliana,
713 784 746 844 dc

73 883 107 924 cx
127 866 162 926 ei
182 864 268 938 falla,
286 885 345 946 quo
369 865 498 930 dicemus
517 865 547 924 in
568 865 658 923 insitis
678 883 748 924 mo·

75 943 128 1014 do,
146 944 314 1020 Etereiaua‚
330 966 418 1027 quam
439 944 547 1004 rubens
564 962 665 1005 cortex
678 964 749 1025 prae·

75 1023 127 1085 lert
136 1026 298 1108 triangulis,
315 1028 346 1087 ὃ(
357 1023 544 1107 popularibus
560 1026 664 1107 nigris,
682 1045 750 1165 ατη

76 1103 186 1167 coctivae
204 1124 354 1167 vocantur.
368 1104 459 1166 Patria
471 1104 671 1165 laudatissimis
715 1126 748 1164 a·

77 1204 196 1257 tentum,
213 1189 245 1250 u
265 1188 294 1247 in
316 1185 474 1266 Campania
494 1184 645 1267 Neapolis.
657 1182 747 1247 Cere·

77 1285 114 1326 rac
137 1265 213 1327 suum
233 1267 343 1348 pabulo
371 1269 546 1347 gignuntur,
580 1265 748 1346 scrupulosi

79 1349 184 1409 corticis
193 1350 264 1408 intra
275 1347 396 1409 nucleos
408 1366 527 1427 quoque
545 1347 748 1406 ruminatione.

114 1425 216 1488 XXVI.
235 1449 284 1502 24·
302 1427 388 1488 Haud
410 1426 513 1507 procul
523 1424 616 1486 abelle
625 1426 749 1486 videan-

80 1520 122 1565 tur
139 1509 167 1569 ἃ
183 1509 337 1588 praedulces
356 1508 485 1646 fflissuae’
500 1508 554 1566 nisi
571 1506 652 1589 quod
665 1508 693 1565 in
711 1507 746 1566 iis

82 1587 387 1670 conexipsemanditur.
430 1589 565 1668 igitorum
575 1588 670 1647 omnis
680 1586 748 1646 lon-

101 1667 107 1681 ‚
396 1670 398 1672 ,

83 1668 171 1806 {tudo
188 1669 258 1742 illis,
284 1669 317 1730 ἃ
343 1669 458 1729 interitu
477 1666 597 1740 falcata,
614 1666 748 1749 pollicari

108 1749 224 1811 titudine.
245 1746 375 1811 Glandes
394 1751 469 1809 inter
481 1768 581 1831 ,poma
601 1749 747 1810 numerari

34 1845 37 1852 ·
84 1848 133 1888 non
154 1830 289 1912 poll'unt:
313 1830 503 1913 quamobrem
525 1832 556 1889 in
575 1828 623 1891 sui
643 1828 746 1890 natuti

85 1907 207 1973 dicentur.

91 2045 94 2058 ,
116 1989 233 2054 XXVII.
254 1991 379 2074 Reliqua
398 1991 511 2052 carnosi
532 1990 596 2051 sunt
617 1990 745 2073 generis:

84 2087 161 2152 caque
175 2072 270 2133 baccis
288 2089 373 2154 atque
393 2072 526 2132 carnibus
549 2070 660 2132 distant.
677 2071 746 2133 Alia

85 2153 160 2212 acinis
173 2175 266 2224 caro,
274 2154 336 2214 alia·
347 2154 458 2224 moris,
476 2152 531 2211 alia
546 2151 746 2212 unedonibusa

85 2229 112 2296 &
127 2234 176 2292 alia
190 2237 282 2295 acinis
291 2234 367 2293 inter
379 2248 476 2291 cutem
487 2229 678 2311 succumque,
693 2231 748 2299 alia

84 2314 186 2389 myxis,
204 2315 260 2374 alia
274 2313 391 2385 baccis,
408 2328 441 2370 ut
458 2310 556 2369 olivis.
580 2309 674 2369 Moris
685 2307 750 2368 suc·

83 2409 144 2464 cus,
161 2395 190 2452 in
206 2415 292 2455 carne
310 2390 426 2454 vinosus
438 2413 446 2452 t
459 2390 525 2450 trini
535 2388 669 2461 colores,
681 2409 750 2448 ean·

84 2470 155 2531 didus
171 2476 287 2556 primo,
306 2493 376 2533 mox
395 2471 518 2545 rubens,
528 2470 645 2531 maturis
657 2470 748 2551 niger.

84 2546 113 2619 ln
127 2557 287 2620 novissimis
306 2554 431 2626 florent,
447 2555 521 2613 inter
542 2554 750 2634 primamatu·

85 2629 193 2738 tescunt,
219 2633 349 2716 ‘lingunt
373 2645 476 2694 manus·
501 2630 586 2693 succo
620 2647 747 2704 matura,

87 2709 171 2773 eluunt
198 2715 311 2776 acerba.
344 2714 498 2774 Minimum
522 2716 551 2774 in
570 2714 623 2772 hac
645 2711 759 2793 arbore¹¹

87 2789 184 2874 ingenia
199 2795 404 2878 profecerunt,
419 2815 475 2859 nec
494 2791 681 2866 nominibus,
693 2812 747 2857 neo
