1975 3575
214 195 284 337 {80
331 235 779 306 CrPtrrtrtNArun.
856 275 863 282 -
952 273 953 292 i

952 317 953 342 i

124 411 125 414 ,
210 361 241 420 ni
260 372 343 437 atque
363 353 500 415 Vulcani.
517 352 682 435 Feruntque
692 352 785 415 subtili
794 354 890 418 obser:
952 363 953 428 ζ

209 440 348 506 vatione,
368 435 460 518 quoti
477 433 558 494 Luni
586 434 771 515 praecedente
794 436 887 497 hieme
952 439 953 464 ³

208 519 259 579 nix
276 520 373 598 prima
392 515 545 588 ceciderit,
564 515 589 574 si
606 515 732 576 totidem
750 517 887 578 luminum
952 581 953 584 ,

207 599 257 659 die
274 600 350 658 intra
369 595 534 679 praedidium
555 612 615 656 tern
637 598 697 656 oris
717 594 834 678 spatium
844 597 886 658 se·
952 599 953 632 ³

207 695 325 752 rantur,
341 678 411 738 mire
434 679 595 757 provenire.
616 616 756 739 geruntur
768 680 801 741 dt
816 698 885 742 vere
952 673 953 734 i

208 762 241 821 in
262 760 360 820 calidis
378 775 464 839 atque
480 757 617 817 humidis.
713 782 716 790 ¹
952 765 953 828 }

222 883 226 894 .
253 837 506 913 XXXV1.14.Lu
527 840 578 898 ino
591 835 634 898 est
647 837 713 898 usus
723 840 882 921 proximus,
952 857 953 898 1

213 923 281 982 cium
299 923 335 980 sit
353 920 482 991 homini,
556 918 775 1000 quadrupedum
800 940 880 1002 gene·

212 1005 238 1062 ri
248 1001 366 1083 ungulas
380 1000 512 1073 habenti,
528 1002 700 1060 communis.
717 1000 879 1061 Remedium
952 1037 953 1040 =

212 1078 292 1162 ejus,
305 1101 342 1141 ne
358 1097 500 1141 metentes
517 1078 605 1161 fugiat
621 1079 797 1154 exsiliendo,
807 1082 878 1141 utab

213 1161 306 1222 imbre
324 1161 450 1222 tollatur.
467 1159 532 1220 Nec
554 1159 652 1233 ullius,
674 1160 883 1242 quae'seruntut,

215 1239 878 1304 naturaadsensuterraemirabiliorest.Primiuu

214 1325 347 1385 omnium
360 1345 430 1385 cum
445 1319 662 1405 Sole‘quotidie
675 1323 877 1405 circumagitur,

215 1403 304 1464 horas
320 1425 355 1465 ue
378 1403 511 1486 agricolis
538 1406 624 1463 etiam
652 1405 754 1465 nubilo
773 1404 877 1465 demon·

215 1482 293 1545 strat.
342 1504 373 1545 er
389 1501 528 1565 praeterea
548 1484 634 1543 floret
651 1508 659 1545 ε
678 1501 782 1545 terram
796 1501 882 1556 amat,

215 1567 478 1646 tetriquevoperiri
495 1585 555 1624 non
576 1565 649 1626 vult.
669 1563 708 1624 Et
728 1586 811 1625 unum
828 1564 876 1624 hoc

216 1642 318 1707 seritur
340 1665 400 1705 non
421 1662 511 1705 arato.
531 1643 647 1724 Quaerit
667 1648 791 1707 maxime
808 1644 877 1705 sabu·
952 1705 953 1710 ,

215 1723 291 1797 losa,
311 1726 344 1788 δι
367 1727 462 1798 sicca,
478 1742 507 1786 at
528 1745 564 1785 ue
579 1728 665 1786 etiam
678 1727 802 1789 arenosa.
820 1723 883 1786 Coti·

215 1807 314 1886 utique
334 1827 393 1865 non
414 1806 487 1867 vult.
532 1806 658 1879 ellurern
670 1807 876 1879 adebamat,ut

237 1888 348 1945 uamvis
374 1884 529 1948 frutedioso
551 1887 615 1948 solo
637 1887 795 1968 conjed'tum
814 1889 882 1947 inter*
943 1900 947 1903 '

215 1905 285 2026 dolia
301 1965 485 2049 vepresque,
503 1967 539 2027 ad
558 1985 665 2029 terram
685 1987 779 2030 tamen
797 1968 877 2029 radice

216 2050 378 2129 perveniat.
398 2047 586 2131 pinguescere
612 2049 669 2109 hoc
690 2049 751 2110 satu
766 2048 877 2112 arravi·
952 2060 953 2109 1

217 2125 342 2210 neasque
361 2129 495 2190 diximus.
508 2127 608 2210 Itaque
619 2129 695 2190 adeb
712 2152 771 2191 non
787 2151 802 2191 e
819 2125 886 2188 etti-'-
952 2150 953 2163 ²

217 2229 288 2282 mo,
310 2225 342 2269 ut
354 2210 457 2291 optimi
476 2210 573 2271 vicem
593 2210 785 2292 repraesentet.
800 2150 880 2271 dibil-
952 2258 953 2273 i

218 2311 276 2371 que
292 2289 367 2349 aliud
383 2289 465 2350 nullo
473 2290 624 2372 impendio
638 2291 805 2366 constar,irt
812 2286 879 2372 quod
952 2294 953 2333 ῑ

159 2394 164 2401 ·
220 2391 259 2436 ue
276 2369 387 2431 serendi
407 2370 526 2452 quidem
542 2371 632 2452 gratia
653 2393 728 2453 opus
749 2374 784 2432 sit
805 2368 881 2431 adfer·
952 2378 953 2427 ῑ

219 2471 260 2511 re.
282 2450 412 2511 Protinus
432 2450 533 2512 seritur
556 2472 592 2512 ex
609 2472 700 2515 arvo:
718 2475 752 2513 ac
767 2449 833 2512 nes
859 2470 880 2508 r·
952 2474 953 2481 ¹

202 2566 204 2571 ·
220 2533 250 2614 gi
267 2532 385 2613 quidem
406 2531 534 2612 postulat
551 2532 688 2593 decidens
706 2531 815 2616 sponte.
829 2471 883 2591 ςπ-
952 2574 953 2615 3

220 2632 358 2695 mumque
370 2613 501 2673 omniurn
510 2611 627 2688 seritur,
638 2615 825 2677 novissimum
834 2610 890 2673 tob·

220 2692 311 2754 litur:
332 2709 485 2776 utrumque
513 2691 678 2773 Septembri
703 2692 765 2757 fere
783 2689 883 2755 mense:
952 2702 953 2765 i

219 2772 288 2853 quia
306 2774 330 2833 si
350 2795 411 2837 non
429 2776 580 2839 antecessit
608 2775 758 2851 hiemem,
781 2772 881 2858 frigori.
952 2792 953 2859 i
