1975 3575
229 290 445 362 Hrsron.
467 291 540 363 Lib.
563 291 661 365 XIV.
719 293 770 389 87

84 410 160 471 bona
177 407 240 482 sua,
257 410 358 471 colere
367 409 461 471 malle.
477 410 554 493 Ergo
564 413 694 475 hercules
706 436 764 475 vo·

84 493 177 572 luptas
193 493 295 551 virere
313 494 424 572 coepit,
443 495 504 552 vita
519 491 577 573 ipsa
593 494 688 556 desiit.
700 493 763 558 Sea

85 592 136 632 nos
155 573 308 633 obliterata
330 593 447 654 quoque
471 570 679 637 scrutabimur:
706 597 764 638 nec

84 652 239 713 deterrebit
266 654 456 735 quarumdam
484 674 582 714 rerum
601 655 766 732 humilitas,

86 736 154 793 sicut
169 755 226 794 nee
239 735 271 792 in
289 734 455 794 animalibus
474 732 555 796 fecit.
576 734 765 819 Quamquam

84 814 217 875 videmus
235 813 388 896 Virgilium
404 816 702 896 praecellentissimum
713 839 767 879 va·

86 908 160 968 sem,
180 895 218 956 ea
238 895 275 954 de
297 894 382 955 causi
397 895 683 958 hortorumd‘otessu
703 900 709 914 '
733 918 770 961 e:

87 976 117 1036 bc
134 996 150 1036 e
167 977 275 1050 tantis,
320 998 365 1036 uae
379 977 495 1048 retulit,
508 977 597 1037 flores
614 980 687 1039 mod
718 999 766 1040 re·

86 1072 148 1115 rum
162 997 359 1138 decerpsibe‚
374 1056 490 1117 beatum
515 1058 688 1140 felicemque
701 1079 769 1142 gra·

88 1138 149 1207 tiae,
165 1155 224 1199 xv.
245 1141 366 1198 omnino
385 1138 539 1220 generibus
561 1159 683 1201 uvarum
712 1162 766 1202 no·

88 1221 215 1291 minatis,
234 1218 326 1278 tribus
346 1219 439 1292 oleae,
461 1220 586 1282 totidem
611 1223 740 1302 pirorum
752 1265 768 1297 ,

90 1299 158 1360 malo
180 1300 258 1361 verb
276 1301 389 1360 tantum
407 1298 543 1381 Assyrio,
555 1305 657 1362 ceteris
672 1303 765 1363 omni»

90 1377 138 1438 bus
155 1402 190 1441 ne
212 1379 305 1441 leslis.

126 1458 164 1521 ll.·
201 1461 261 1521 nde
273 1477 368 1521 autem
378 1462 475 1542 potius
485 1462 666 1545 incipiemus,
676 1460 766 1546 quim

91 1542 247 1603 avitibus?
267 1562 387 1622 quarum
407 1544 581 1624 principatus
602 1546 631 1604 in
653 1561 768 1605 tantum

91 1624 235 1699 peculiaris
254 1620 344 1682 Italiae
364 1620 425 1697 est,
445 1640 476 1683 ut
485 1624 538 1684 vel
554 1625 610 1685 hoc
626 1645 685 1685 uno
700 1645 766 1685 om·

93 1701 134 1760 nia
150 1706 278 1785 gentium
290 1701 407 1773 uicisse,
427 1705 513 1784 quam
523 1703 766 1788 odorifera‚pos·

95 1781 229 1846 sitvideri
238 1785 331 1847 bona:
341 1806 425 1867 quam
447 1808 514 1846 uam
525 1786 698 1869 ubicumque
712 1809 768 1869 pu·

96 1861 267 1926 bescentium
284 1867 369 1926 odori
384 1808 461 1927 nulla
474 1866 594 1931 suavitas
607 1868 771 1950 praefertur.

130 1964 153 2006 r.
172 1946 259 2008 Vites
275 1945 337 2026 jure
350 1948 426 2029 apud
445 1948 551 2030 priscos
568 1950 767 2032 magnitudine

94 2042 201 2109 quoque
230 2031 305 2088 inter
326 2029 448 2090 ,arbores
468 2031 698 2092 numerabantur.
716 2030 769 2092 Jo-

93 2105 135 2163 ris
167 2109 349 2170 simulacrum
376 2112 406 2169 in
434 2111 505 2171 urbe
533 2110 697 2193 Populonio
729 2131 770 2172 ex

94 2184 145 2244 una
170 2188 380 2271 conspicimus,
396 2206 440 2250 tot
456 2193 526 2251 aevis
546 2194 770 2273 incorruptum:

95 2263 159 2326 item
173 2270 309 2331 Massiliae
336 2287 473 2352 pateram.
513 2271 676 2351 Metaponti
694 2289 769 2331 tem·

95 2344 165 2482 gum
192 2351 313 2413 lunonis
345 2351 491 2433 vitigineis
512 2351 652 2410 columnis
680 2349 770 2413 stetit.

118 2427 179 2489 tiam
199 2454 276 2493 nune
297 2431 377 2493 scalis
398 2430 506 2492 teslu'm
520 2429 652 2512 Ephesia
665 2429 771 2493 Diana

95 2500 225 2571 scanditur
251 2512 309 2572 uni
330 2516 391 2575 vite
416 2511 559 2595 Cyprii,
584 2527 616 2572 ut
643 2508 737 2571 serunt
757 2558 773 2589 ,

96 2592 222 2663 quoniam
255 2594 295 2654 ibi
324 2594 362 2654 ad
394 2597 569 2676 praecipuam
601 2591 769 2674 amplitudi-

97 2683 157 2726 nem
173 2692 291 2734 exeunt.
312 2674 378 2735 Nec
400 2673 442 2734 est
460 2675 540 2758 ligno
561 2674 614 2734 ulli
633 2674 770 2735 aeterniot·

97 2761 195 2812 natura.
215 2753 327 2817 Verum
349 2754 404 2817 ista
428 2777 465 2820 ex
492 2754 668 2821 silvestribus
696 2753 771 2823 frua

98 2829 268 2900 neuderim.
473 2887 475 2890 -
749 2859 751 2862 ’
