1975 3575
199 246 405 320 Hrrron.
423 249 495 321 Lib,
517 248 647 322 XVIII.
700 270 769 350 395

102 367 195 451 plum,
212 370 242 428 in
252 366 442 430 Treuericoa
475 390 495 429 ο
511 371 672 431 tertIoante
690 367 769 431 hunc

100 470 197 510 annunt
215 466 409 531 compertum.
419 389 498 510 fin,
507 452 572 510 citui
587 450 683 512 hieme
695 457 771 533 prae*
873 454 877 461 “

100 530 186 612 gelidi
206 548 296 611 captae
314 528 427 614 segetes
452 526 558 604 essent,
582 528 770 608 reseverunt,

99 608 272 673 resarrientes
293 629 414 693 campos
429 609 529 672 mense
546 608 770 687 Martio,uber·

99 690 229 773 rimasque
247 690 351 753 messes
368 692 539 753 habuerunt.
558 689 645 752 Nunc
661 691 769 774 reliqua

98 771 197 833 cultura
216 773 348 834 tradetur
368 793 422 855 per
442 792 547 855 genera
565 769 689 856 frugum.

133 851 165 913 L.
183 873 229 915 21.
240 851 409 938 siliginem,
426 851 485 928 sar,
503 854 649 927 triticum,
670 850 770 936 semen

98 928 229 996 hordeum
251 951 386 1010 occato,
405 931 526 1005 sarrito,
543 950 685 1006 runcato,
706 936 772 1015 quia

98 1011 145 1073 hus
164 1014 270 1077 diiiunt
304 1017 358 1076 erit
384 1013 495 1075 diebus.
521 1011 645 1111 Singulae
671 1033 772 1095 operte

98 1095 192 1178 cuique
230 1099 315 1158 eneri
334 1097 364 1156 in
381 1093 483 1178 jugero
503 1091 650 1157 sufficient.
669 1091 771 1155 Sarcu·

98 1172 158 1236 latio
179 1117 342 1240 iniuratam
362 1176 483 1237 hiberno
502 1177 596 1259 rigore
612 1173 665 1236 soli
683 1172 772 1235 trisli·

99 1256 160 1315 tiant
178 1258 258 1320 laxat
272 1257 456 1339 temporibus
477 1259 595 1331 vernis,
618 1252 719 1316 novos
734 1273 773 1316 ue

99 1331 175 1398 Soles
188 1340 325 1402 admittit.
343 1334 407 1478 Prii
429 1335 545 1410 sarriet,
557 1352 658 1397 caveat
668 1355 705 1396 ne
759 1365 774 1381 ·

99 1422 182 1479 menti
204 1421 317 1481 radices
361 1415 491 1480 uffodr‘at.
512 1415 678 1490 Triticum,
700 1416 773 1496 hot·=

99 1494 197 1573 deum,
214 1499 313 1563 sernen
322 1544 333 1572 ,
355 1497 452 1559 sabam
468 1492 513 1558 bis
531 1495 630 1557 sarrire
654 1497 772 1559 melius.

99 1572 250 1653 Runcatio,
270 1584 339 1642 curu
353 1578 433 1675 seges
443 1581 474 1638 in
483 1577 605 1639 articulo
615 1575 674 1653 est,
690 1575 773 1638 evul-

100 1657 134 1715 sis
149 1659 294 1724 inutilibus·
311 1660 428 1737 herbis,
446 1659 561 1743 srugunt
572 1657 698 1720 radicem
708 1659 773 1720 vitra

99 1734 187 1815 dicar,
202 1742 388 1827 segetemque
404 1740 570 1805 discernite
589 1738 704 1824 cespite.
715 1738 773 1802 Le·⁸

99 1823 243 1901 guminunt
259 1828 335 1886 cicer
351 1823 475 1897 eadem,
494 1842 560 1907 quae
577 1819 637 1898 sar,
655 1820 773 1883 deside·

99 1916 147 1960 rat.
165 1902 243 1962 Faba
252 1906 363 1965 runcari
369 1922 429 1964 non
436 1903 680 1986 gestit‚quottIarn
690 1905 774 1964 eviu-

99 1980 135 2037 cit
157 1980 270 2042 herbas.
291 1983 461 2063 Lupinum,
490 1999 623 2042 runcatur
648 1985 773 2044 tantitm.

98 2054 232 2134 Milium,
253 2064 285 2124 ὃ(
299 2065 433 2145 panicum
442 2077 579 2135 occatur,
594 2062 627 2123 δι
640 2060 772 2125 sarriurr:

99 2156 156 2200 non
169 2143 304 2218 iteratur,
322 2162 382 2204 non
396 2158 538 2203 runcatur.
564 2138 661 2201 Silitia
677 2143 710 2203 &
726 2140 775 2220 fa‘.
891 2142 893 2147 ⁴

99 2215 167 2281 seoli
185 2238 322 2285 occantur
339 2224 461 2285 tanturn.
480 2217 555 2281 Sunt
562 2240 666 2303 genera
673 2236 756 2281 tertae
761 2238 775 2301 ,·

101 2317 218 2379 quarum
239 2305 354 2367 ubertas
375 2301 512 2387 peiiinari
528 2299 655 2385 segetem
664 2302 695 2361 in
705 2298 777 2361 her·

101 2375 136 2438 bi
153 2404 168 2443 c
209 2398 253 2447 at:
267 2385 282 2469 (
296 2386 379 2447 cratis
402 2383 434 2446 &
453 2381 510 2443 hoc
527 2387 633 2465 genui,
651 2372 776 2442 dentati

103 2455 167 2522 stilis
198 2464 334 2549 erreisz)
355 2464 517 2548 eademque
537 2462 723 2525 nihisonunur
743 2463 778 2524 δι

103 2537 294 2630 fiepascuntur.
325 2543 406 2627 Quae
435 2541 551 2626 depasta
567 2541 648 2619 sunt,
666 2541 778 2604 sarculo

103 2634 204 2686 rtetutn
221 2629 338 2690 excitari
354 2624 549 2688 necessarium.
559 2623 602 2688 At
609 2627 639 2685 itt
648 2622 777 2701 Busiris,

104 2695 221 2785 Africa,
241 2707 383 2792 Cyrene,
401 2710 501 2773 omnia
519 2707 581 2768 haec
602 2703 779 2788 supervacua

103 2773 170 2849 serit
186 2789 360 2875 indulgentia
377 2790 457 2868 celi,
473 2791 508 2856 &
528 2810 546 2854 a
567 2782 695 2930 {mente
715 2802 779 2852 nott

619 2889 654 2952 t]
