1975 3575
217 291 449 362 ·Hrsron.
469 292 543 364 Lib.
572 291 666 365 XIII.
716 285 765 386 ἀγ

103 411 156 485 iri,
177 411 268 492 paulo
286 428 385 471 tamen
414 408 593 551 lorfioribus
621 413 769 473 crassiori·

84 432 205 575 dasque,
217 512 252 551 ac
271 494 381 573 rugosis
399 492 455 552 inc‘
469 494 548 563 uris,
568 513 630 574 quae
661 509 766 554 ertota
802 497 805 504 ’

82 571 263 632 discurrunt:
283 570 390 632 semine
409 571 525 632 hordeo
546 572 629 631 simili
683 573 767 635 colo·

83 672 123 713 re.
139 650 269 713 Materie
289 652 330 713 est
352 652 425 713 durd
440 667 528 734 arque
547 649 650 712 firmi:
667 654 723 734 qud
735 655 766 713 in

82 732 203 793 domurn
222 732 323 806 illata,
341 730 588 815 difficilespartus
608 730 672 793 fieri
695 754 767 815 pro·

82 812 167 886 dunt,
181 812 350 895 mortesque
369 811 495 874 miseras.

79 943 82 954 .
120 887 293 954 XXXVIII.
310 915 358 955 22.
376 893 440 954 Nec
450 893 656 975 auspicatiorin
667 893 767 955 Lesbo

83 967 169 1032 insula
184 973 276 1033 arbor
293 995 358 1054 quae
372 991 495 1035 vocatur
510 994 695 1054 euonymos‚
706 994 768 1056 non

69 1066 73 1071 ’
84 1053 217 1114 absimilis
237 1053 353 1114 Punicae
370 1053 463 1113 arbori
472 1061 484 1126 ,⁴
496 1055 570 1114 inter
586 1075 653 1114 eam
664 1057 696 1116 dt
708 1054 767 1115 lau·

82 1134 217 1195 rumfolii
227 1134 443 1216 magnitudine,
458 1132 549 1216 figuris
559 1136 632 1196 vero
645 1136 677 1197 δι
688 1133 766 1196 mol-¹

83 1212 139 1274 litie
155 1213 293 1287 Punicae,
312 1214 384 1276 flore
404 1215 589 1288 candidiore,
604 1214 696 1275 statim
711 1236 766 1298 pe·

80 1292 152 1354 -stenr
168 1296 354 1356 denuntians.
375 1294 443 1355 Fert
459 1296 574 1377 siliquas
592 1294 705 1355 sesamae
726 1299 767 1355 si·

84 1374 179 1437 miles:
198 1380 280 1436 intus
302 1395 420 1457 granum
436 1375 631 1456 quadranguli
655 1374 765 1456 figuti,

85 1454 100 1513 s
114 1455 216 1531 ilium,
236 1456 320 1516 letale
338 1455 526 1517 animalibus:
549 1475 603 1515 nec
623 1457 766 1516 non&in

85 1477 152 1597 Idlio
169 1537 278 1598 eadem
298 1539 350 1595 vis.
370 1535 516 1597 Succurrit
526 1535 679 1617 aliquando
690 1556 763 1617 prae·

81 1636 147 1697 ceps
167 1618 230 1677 alvi
257 1618 421 1677 exinanitio.

82 1764 85 1770 ¹
121 1695 265 1758 XXXIX.
282 1696 448 1757 Alexander
457 1695 610 1758 Cornelius
624 1695 763 1770 arborem

87 1797 187 1840 eonem
207 1778 383 1860 appellavit,
405 1780 514 1920 Ὓιιὶ
530 1778 602 1839 facia
621 1776 691 1840 effer
708 1777 767 1840 Ar·

84 1878 143 1939 go,
161 1860 288 1920 similem
307 1860 405 1920 robori
424 1862 452 1919 v'
466 1880 535 1920 curn
552 1859 674 1933 ferenti,
697 1878 765 1940 quae

87 1959 138 1999 nec
157 1940 234 2024 aqud
247 1960 301 2000 nec
320 1942 328 1999 i
350 1941 379 1998 ni
396 1942 486 2020 possit
502 1943 666 2022 corrumpi,
679 1938 765 2000 sicuti

85 2039 138 2081 nec
154 2021 267 2083 viscum
277 1960 360 2081 :nuXi
369 2019 414 2080 alii
421 2023 585 2103 cognitam,
596 2020 676 2104 quod
687 2019 764 2105 equi·

86 2099 152 2162 dem
163 2100 260 2163 sciam.
353 2168 356 2173 Δ

122 2180 183 2244 XL.
200 2183 375 2243 Adrachnen
396 2201 499 2241 omnes
515 2181 577 2243 fere
588 2179 685 2242 Graeci
697 2182 762 2262 por·

86 2261 183 2323 ruIacae
197 2265 317 2338 nornine
332 2265 570 2342 interpretantur,
590 2264 657 2320 cum
667 2262 716 2320 ilia
727 2255 764 2320 sit

88 2339 189 2418 herba,
208 2341 421 2405 &andrachne
440 2356 581 2411 vocetur,
599 2342 682 2399 unius
699 2340 765 2415 lite·

88 2442 124 2481 1ae
136 2423 311 2486 diversitate.
332 2420 474 2484 Ceterum
498 2419 639 2480 adrachne
657 2417 698 2480 est
715 2419 765 2501 sii-

87 2501 184 2565 vestris
205 2504 306 2576 arbor,
319 2523 414 2584 neque
428 2506 458 2562 in
476 2503 568 2584 planis
580 2497 698 2567 nascens
708 2544 718 2572 ‚
728 2500 764 2559 si·

87 2582 158 2643 anilis
176 2585 326 2655 unedoni,
341 2583 413 2643 folio
440 2585 552 2644 tantum
580 2584 711 2652 minore,
731 2581 764 2642 dt
860 2596 862 2601 ’

87 2681 240 2745 numquam
258 2664 435 2724 decidente:
454 2665 562 2724 cortice
580 2682 640 2722 non
662 2658 763 2722 scabro

87 2743 221 2822 quidem,
237 2743 287 2803 sed
303 2747 350 2826 qui
362 2744 578 2826 circumgelatus
590 2741 686 2804 videri
694 2762 762 2825 pos.

85 2823 137 2899 pit,
152 2841 210 2889 tam
229 2822 312 2890 tristis
330 2822 441 2906 aspedu
458 2822 510 2891 est·
581 2901 613 2966 D
630 2899 659 2986 ui
