1975 3575
160 262 395 338 Hieron.
408 264 481 339 Lib.
493 251 621 341 XVIII.
651 277 740 367 '437

42 398 80 445 te.
92 381 208 447 Omnia
222 403 292 468 quae
306 384 648 470 caeduntur,carpuntur‚
658 409 728 451 con·

43 464 169 541 duntur,
193 469 385 528 innocentius
408 466 602 548 [decrescente
630 469 725 542 Luni,

43 544 125 625 quim
143 545 298 607 crescente
315 546 397 608 fiunt.
415 546 581 622 «Stercus,
604 550 659 609 nisi
672 551 726 613 de·

42 647 60 681 n
69 625 219 688 crescente
236 626 344 699 Luni,
362 647 400 688 ne
411 631 531 713 tangito.
543 625 672 689 Maxime
684 631 726 692 in·

42 729 60 763 n
72 706 270 768 termenstrui
288 707 462 791 dimidiique¹
474 708 641 770 stercorato.
651 707 728 770 Ver·

42 809 59 842 n
69 806 111 845 res
122 830 133 861 ‚
144 785 315 866 juvencos,
337 789 454 862 arietes,
466 786 596 864 hoedos,
613 788 730 851 decres-

43 883 152 927 ncente
181 868 272 928 Luni
299 868 430 931 castrato.
457 870 528 933 Ova
545 868 628 931 Luni
647 870 728 932 novi

43 968 59 1003 n
71 944 239 1029 supponito.
258 943 385 1010 Scrobes
396 949 477 1011 Luni
486 949 573 1031 pleni
585 949 671 1011 nodu
685 950 728 1011 sa·

44 1049 60 1082 n
72 1028 137 1088 cito.
152 1027 311 1090 Arborum
328 1030 438 1090 radices
451 1029 534 1090 Luni
550 1030 637 1112 pleni
655 1050 731 1112 ope·

43 1128 60 1162 n
71 1109 134 1167 rito.
155 1108 302 1169 Humidis
321 1109 392 1171 locis
407 1112 561 1171 interlunio
579 1109 682 1184 serito,
694 1110 728 1172 &

41 1208 58 1242 n
69 1188 142 1248 circa
159 1189 357 1250 interlunium
378 1190 530 1273 quatriduo
542 1214 572 1251 n.
585 1190 729 1252 Ventilari

43 1286 154 1351 quoque
176 1269 332 1332 frumenta
353 1291 386 1330 ac
406 1270 568 1354 legumina,
587 1272 727 1333 &condi

43 1347 112 1409 circa
131 1367 304 1413 extremam
325 1350 436 1411 Lunam
463 1350 583 1430 jubent:
604 1350 730 1412 semina·

44 1428 100 1517 pia,
116 1433 187 1491 cum
205 1431 295 1492 Luna
317 1430 401 1513 supra
430 1448 537 1492 terram
568 1432 624 1503 sit,
645 1429 727 1493 fieri:

47 1507 140 1569 calcari
161 1511 280 1584 musta,
299 1514 366 1573 clun
384 1511 465 1572 Luna
480 1511 532 1572 sub
545 1512 637 1572 terri:
652 1514 727 1572 item

46 1593 177 1651 materias
194 1592 288 1665 caedi,
307 1613 429 1675 quaeque
448 1592 503 1655 alia
521 1590 576 1653 suis
598 1592 670 1654 locis
683 1593 728 1652 di·

47 1669 264 1754 ximus.Neque
276 1671 387 1734 facilior
400 1671 441 1734 est
450 1671 613 1734 observatio
624 1679 656 1733 ac
666 1670 727 1753 jam

47 1747 114 1810 diua
131 1773 150 1812 a
166 1755 255 1814 nobis
267 1752 393 1816 secundo
405 1755 555 1818 volumine
565 1753 639 1831 :sed
646 1752 728 1836 quod

46 1828 204 1914 intelligere
225 1834 276 1893 vel
296 1835 391 1896 rustici
409 1839 541 1920 possint,
556 1838 672 1918 quoties
686 1834 725 1896 ab

49 1912 200 1970 occidente
220 1909 288 1972 Sole
306 1914 661 1998 cernetur‚prioribusque
673 1937 728 1977 no·

47 1986 90 2050 dis
111 1990 197 2048 horis
216 1989 338 2063 lucebit,
358 1993 487 2054 crescens
501 1998 573 2066 erit,
591 1996 725 2055 &oculis

48 2067 197 2130 dimidiata
215 2066 402 2147 judicabitur:
420 2074 576 2151 cumivero
587 2074 727 2135 occiden-

47 2162 73 2207 te
90 2147 162 2211 Sole
182 2151 292 2211 orietur
309 2170 345 2210 ex
362 2151 502 2220 adverso,
518 2156 558 2212 ita
576 2169 608 2212 ut
622 2149 728 2234 pariter'

49 2227 317 2309 aspiciantur,tum
335 2233 389 2292 erit
409 2231 607 2312 plenilunium.
639 2230 730 2315 Quo}

50 2309 98 2368 ties
115 2311 152 2371 ab
175 2327 244 2372 ortu
274 2309 349 2372 Solis
381 2314 509 2384 orietur,
528 2309 728 2394 prioribusque

49 2389 134 2452 nodis
153 2392 235 2452 horis
260 2392 392 2453 detrahet
421 2392 536 2462 lumen,
554 2391 587 2452 ὃ(
603 2392 633 2450 in
652 2392 730 2450 diur-

51 2486 97 2527 nas
112 2473 269 2546 extendet,
289 2470 457 2533 decrescens
477 2473 549 2545 erit,
566 2473 729 2552 iterumque

51 2547 177 2613 dimidia.
196 2551 230 2613 In
248 2555 329 2615 coitu
347 2555 420 2615 verb
423 2550 530 2694 <§quod
541 2551 729 2621 interlunium
803 2592 807 2599 ·
902 2586 907 2595 ·

52 2633 175 2715 vocant)
196 2634 262 2695 clun
275 2654 413 2718 apparere
444 2635 550 2694 esierit.
564 2630 657 2714 Supra
667 2648 728 2692 ter·

52 2725 93 2768 ras
108 2730 209 2775 autem
226 2718 300 2790 erit,
321 2715 457 2797 quamdiu
476 2716 510 2777 &
527 2712 599 2786 sol,
610 2711 743 2785 interluq'

52 2790 115 2868 nio,
132 2797 165 2859 δι
185 2796 278 2878 primi
296 2796 360 2858 tori
383 2797 454 2859 die:
475 2793 621 2869 secundi,
643 2793 724 2858 horae'

488 2881 490 2885 ’
533 2871 603 2956 Tiij
