1975 3575
210 225 255 298 26
321 223 355 292 C.
380 223 543 291 Prrurr
565 220 754 291 Narurt.

170 337 173 342 ’
208 343 322 416 mania,
335 342 367 403 ὅ(
386 339 645 423 superAEgypturn
656 338 897 421 perl'tolemaeos

207 422 346 486 transsatis
369 422 492 504 plantis:
511 438 559 481 aut
575 419 629 500 (ut
647 421 716 504 alii)
733 443 896 504 generante

208 508 246 568 δι’
260 506 290 563 id
307 505 398 564 thuris
411 503 514 564 arbore
525 499 710 585 :colligique
723 520 754 562 ut
763 507 875 586 gummi
884 549 899 578 ,

207 585 298 646 inciso
315 588 445 656 cortice,
463 586 495 646 δι
513 586 635 664 caprinis
648 584 772 665 pellibus
783 587 846 645 exci
871 588 896 647 i.

206 665 303 729 Pretia
326 666 391 728 sunt
422 665 618 726 laudatissimo
640 667 669 723 in
691 664 796 737 libras,
819 687 836 725 a
859 686 898 727 es

208 765 262 809 Χῖ..
282 748 472 809 Adulteratur
489 748 579 827 myrti
598 746 708 820 baccis,
719 747 897 807 &aliisani-

206 830 326 891 analium
341 828 481 889 sordibus.
502 825 610 888 Sinceri
625 826 700 886 odor
725 826 897 889 debetell‘e

207 908 306 983 serus,
324 911 357 971 &
397 907 598 970 uodammodo
630 905 814 968 solitudinem
844 929 897 969 re·

208 992 332 1053 dolens:
352 930 444 1074 iplum
466 988 530 1051 visu
552 988 683 1061 aridum,
702 986 775 1048 tadu
795 987 897 1052 statim

206 1071 396 1144 mollescere,
414 1070 565 1132 accensum
585 1069 627 1129 sul
647 1089 714 1140 ere,
735 1069 828 1130 odore
844 1068 897 1147 ju⁴

204 1154 306 1212 cundo
323 1167 448 1232 gratum.
468 1089 898 1231 Mynataldeprehenduntur,

207 1235 406 1314 crepitantque
424 1233 455 1291 in
471 1232 548 1313 igne.
558 1229 698 1291 Praeterea
709 1232 821 1292 sincero
833 1233 895 1292 cal-

210 1316 269 1374 culi
295 1315 392 1395 potiirs
417 1334 436 1376 e
462 1312 581 1395 rupibus
608 1312 774 1383 inherent,
803 1312 897 1395 qulam

230 1396 315 1457 ulvis.

207 1417 422 1535 PXXXVIII.
440 1471 475 1532 ln
494 1470 604 1533 Arabia
628 1474 661 1535 ὅ(
686 1472 754 1534 olea
774 1474 894 1537 dotatur

208 1555 347 1629 lacrima,
366 1553 423 1634 qud
450 1554 692 1615 medicamentum
719 1553 893 1632 conficitur,

209 1635 323 1699 Graecis
335 1634 488 1694 enhaemon
507 1634 630 1706 didunt,
642 1637 777 1717 singulari
787 1636 891 1698 effeslu

208 1715 414 1779 contrahendis
425 1715 581 1777 vulnerum
591 1717 777 1778 cicatricibus.
785 1716 820 1778 ln
830 1738 893 1779 ma·

209 1799 314 1859 ritimis
334 1817 375 1857 eae
399 1796 530 1858 lluslibus
559 1796 686 1880 aestuque
713 1801 894 1880 operiuntur.

210 1879 277 1941 Nec
292 1878 388 1939 baccae
402 1896 538 1952 nocetur,
552 1881 619 1938 clun
632 1877 745 1940 constet
759 1882 792 1942 δι
807 1882 837 1940 in
846 1881 893 1942 fo·

208 1962 257 2025 llis
276 1958 363 2020 salem
381 1961 514 2041 relinqui.
544 1959 616 2020 Hac
645 1960 709 2021 sunt
736 1962 894 2043 peculiaria

208 2039 345 2121 Arabiae:
362 2042 394 2102 &
404 2062 494 2121 pauca
503 2058 641 2122 praeterea
650 2046 829 2116 communia,
840 2041 895 2102 ali-

206 2123 241 2183 bi
257 2120 394 2197 dicenda,
409 2124 547 2205 quoniam
565 2124 594 2181 in
610 2123 645 2183 iis
663 2124 797 2183 vincitur.
807 2122 895 2185 Pere-

210 2205 309 2287 grinos
321 2202 381 2284 ipsa
394 2204 468 2266 tnird
484 2203 592 2266 odores
611 2206 642 2267 &
659 2205 696 2264 ad
712 2220 825 2264 exteros
837 2221 894 2281 pe·

209 2288 256 2347 tit.
269 2282 368 2347 Tanta
379 2287 550 2351 mortalibus
566 2284 677 2346 suarum
694 2300 787 2342 rerunt
806 2279 893 2344 satie·

209 2385 254 2430 tas
270 2364 329 2440 est,
344 2368 558 2446 alienarumque
574 2363 704 2423 aviditas.

250 2446 391 2507 XXXIX.
411 2447 517 2506 Petunt
534 2443 619 2523 igitur
638 2443 668 2501 in
689 2440 838 2522 Elymaeos
847 2466 892 2505 ar·

196 2528 315 2590 ‘horem
338 2527 472 2597 bratuur,
491 2519 623 2604 cupresso
650 2520 716 2583 fusae
746 2525 891 2603 similem,

209 2609 349 2670 exalbidis
366 2602 469 2678 ramis,
481 2602 600 2684 jucundi
612 2603 712 2665 odoris
725 2605 889 2680 accensam,
987 2625 988 2650 u

208 2692 242 2752 &
257 2711 322 2749 curn
342 2687 484 2761 miraculo⁸
499 2683 620 2746 historiis
641 2684 756 2747 Claudii
768 2685 891 2749 Caesaris

208 2769 403 2852 medicatam.
421 2768 504 2833 Folia
522 2764 583 2852 ejus
602 2766 765 2868 inspergere
787 2772 890 2853 potio·
