1975 3575
232 272 259 346 4
331 251 368 323 C.
394 249 569 325 Pnrurr
595 254 785 324 Nnrun.

236 391 240 404 ¹
271 370 310 432 V.
325 369 486 433 Celebratae
502 371 565 433 sunt
583 375 708 454 primum
729 375 758 433 in
775 368 914 433 ambula*

229 452 310 511 tione
330 451 495 513 Academiae
520 453 640 515 Athenis
651 453 816 513 cubitorum
828 468 915 511 xxx·

231 549 279 593 111.
296 534 422 594 atadice
442 552 538 593 ramos
559 532 758 594 antecedente.
772 532 860 594 Nunc
870 529 913 593 est

229 611 306 674 clara
323 615 353 672 in
371 613 462 694 Lycii
480 613 569 695 gelidi
582 613 670 674 fontis
691 611 769 674 socii
789 614 914 673 arnoeni·

228 707 304 766 tate,
316 694 408 754 itineri
425 697 578 775 apposita,
597 694 737 754 domicilii
749 693 859 768 modo,
872 712 914 753 ca·

228 771 269 833 vi
285 772 428 856 odioginta
440 791 527 857 atque
537 777 621 834 unius
630 774 739 856 pedum
747 772 852 855 specu,
862 792 916 835 ne·

228 856 349 914 morosi
364 853 492 926 vertice,
514 855 547 915 δι
562 852 591 915 se
607 853 693 915 vastis
704 871 861 937 protegens
873 874 914 914 ra·

228 935 303 1005 mis,
324 936 460 997 arborum
475 933 581 1006 instar,
600 954 686 1017 agros
714 934 809 1016 longis
835 934 915 995 obti-

227 1032 280 1075 net
286 1016 395 1075 umbris
408 1038 416 1077 z
431 1036 464 1076 ac
475 1033 513 1077 ne
523 1015 593 1098 quid
603 1015 676 1075 desit
687 1012 831 1096 speluncae
840 1017 916 1075 ima·

229 1096 307 1175 gitti,
324 1094 413 1155 saxea
431 1095 508 1156 intus
527 1096 682 1174 crepidinis
702 1115 811 1155 corona
830 1093 915 1156 mus·

228 1172 314 1234 cusos
332 1175 487 1255 complexa
503 1176 650 1256 pumices:
671 1192 732 1236 tam
749 1175 836 1257 digna
854 1177 916 1235 ini·

226 1254 349 1323 uculo,
367 1272 400 1314 ut
415 1253 541 1315 Licinius
561 1252 714 1315 Mucianus
730 1272 774 1316 tet
790 1254 912 1327 consul,

224 1335 264 1397 .&
274 1355 366 1415 nuper
385 1338 545 1417 provincia
563 1334 625 1416 ejus
638 1337 762 1418 legatus,
782 1336 916 1416 proden-

228 1415 301 1477 dum
314 1419 399 1477 etiam
415 1413 541 1498 posteris·
548 1418 668 1496 putarit,
682 1415 829 1496 epulatum
839 1421 915 1478 intra

226 1515 294 1558 earn
313 1495 342 1555 se
357 1513 425 1555 curn
445 1495 686 1557 duodevicesimo
704 1496 831 1557 comite:
854 1498 916 1557 lar·

226 1577 265 1657 ge
286 1574 350 1657 ipsi
372 1592 455 1635 toros
474 1575 623 1657 praebente
634 1575 758 1648 fronde,
773 1576 810 1636 ab
828 1577 915 1638 omni

226 1653 327 1718 afflatu
338 1653 485 1731 securum,
497 1674 646 1739 optantem
660 1657 796 1720 imbrium
806 1678 860 1738 per
870 1656 915 1718 io·

228 1737 268 1797 lia
288 1738 431 1816 crepitus,
445 1737 607 1811 laetiorem,
630 1737 716 1821 quaint
734 1756 914 1799 marmorum

227 1818 342 1888 nitore,
357 1816 475 1897 pidurae
489 1821 648 1891 varietate,
665 1819 841 1900 laquearium
859 1840 915 1879 au·

154 1950 159 1961 .
226 1916 286 1968 ro,
302 1896 426 1957 cubuisse
450 1900 481 1958 in
502 1899 615 1960 eidem.
633 1898 725 1960 Aliud
745 1899 915 1980 exemplum

228 1973 296 2038 Caii
315 1979 406 2057 princi
427 1979 472 2052 is,
492 1981 523 2039 in
546 1979 699 2040 Veliterno
726 2000 793 2053 rute
816 1980 914 2039 mirati

228 2058 315 2118 unius
329 1999 470 2129 rabudta,
489 2058 611 2140 laucque
630 2076 775 2119 ramorum
784 2060 913 2120 trabibus

227 2135 345 2199 scamna
360 2138 474 2218 patula,
495 2140 529 2201 δι
541 2141 572 2199 in
583 2138 618 2200 ei
630 2139 755 2214 epulati,
773 2138 914 2222 cumipse

163 2251 165 2254 >
228 2239 297 2302 pars
317 2216 385 2278 effer
395 2217 524 2294 umbrae,
542 2220 708 2304 quindecim
720 2223 914 2281 convivarum

229 2320 266 2361 uc
276 2298 425 2361 ministerii
437 2321 542 2383 capace
553 2303 698 2368 triclinio,
708 2318 795 2377 quam
808 2317 915 2361 cenam

229 2381 391 2462 appellavit
409 2382 455 2442 ille
473 2383 588 2441 nidum.¹
606 2376 655 2436 Est
670 2374 815 2455 Gortynae
826 2377 856 2433 in
866 2378 914 2436 in·

227 2459 290 2522 full
305 2459 395 2522 Cretd
414 2459 495 2518 'uxta
508 2457 621 2516 fontem
633 2455 762 2536 platanus
776 2476 852 2529 una,
867 2457 913 2516 in·

230 2543 318 2623 signis
328 2481 473 2618 uttiudque
484 2536 588 2616 linguae
601 2537 813 2609 monumentis,
824 2557 912 2598 num·

229 2640 320 2701 quam
337 2616 407 2677 folia
423 2617 590 2678 dimittens:
605 2613 756 2697 statimque
778 2618 806 2677 ei
823 2616 911 2680 Grae·

230 2702 285 2760 ciae
302 2694 472 2759 fabulositas
494 2693 635 2776 superfuit
642 2741 654 2770 ,
674 2693 781 2759 Joreur
800 2697 851 2759 sub
873 2699 911 2760 ei

231 2796 300 2857 cum
322 2777 439 2871 Europ}
458 2775 660 2855 commuue:
678 2797 734 2844 ceu
753 2781 826 2846 verb
846 2799 910 2851 uon
