1975 3575
202 236 251 311 70
302 212 547 284 αΡιιΝιι
579 209 777 306 Nrrtrn.

242 329 419 411 XXIX.15.
439 327 616 391 Atlastnons
655 326 892 409 eculiatiptodi·

200 411 603 493 tursilvi,dequidiximus.
643 408 896 472 onfineseiMau·

200 498 239 565 ri,
254 492 358 576 quibus
377 492 500 575 plurima
515 490 601 551 arbor
622 492 701 565 citri,
720 492 753 553 &
773 488 896 552 mensa·

200 595 266 636 rum
273 573 399 646 insania,
412 594 481 655 quas
490 571 605 633 femina
614 572 685 633 vitis
698 587 800 631 contra
811 592 894 630 mar-

198 658 306 738 garitas
322 671 466 738 regerent.
486 652 584 714 Exstat
597 652 686 714 hodie
705 651 749 712 M.
762 650 894 716 Cicero-

200 739 245 797 nis
262 738 292 797 in
309 736 357 798 illei
374 751 559 817 paupertate,
575 734 608 795 &
621 732 702 813 quud
723 753 770 792 nra
790 734 816 798 is
830 735 893 793 mi·

199 838 267 878 tum
284 816 343 888 est,
361 816 413 880 illo
431 836 498 876 aevo
517 830 614 896 empta
635 812 740 876 uni.
801 833 895 875 emo-

200 916 278 960 ratur
295 893 417 962 &Galli
434 895 546 968 Asinii,
562 913 626 956 u-s.
637 892 675 954 iil
688 892 893 959 Veuumdatae

196 977 263 1041 sunt
282 981 315 1044 &
332 979 397 1040 due
413 1000 431 1037 a
449 976 523 1041 lubi
542 997 610 1059 rege
623 974 783 1057 pendentes
795 996 802 1035 :
814 997 893 1057 qua·

201 1081 266 1121 rum
285 1061 367 1122 alteri
386 1062 510 1140 pretium
520 1056 573 1118 fuit
585 1076 651 1119 ta-s.
670 1058 715 1118 ῖιι
726 1055 805 1118 alteri
814 1078 891 1137 pau-

200 1140 231 1200 lo
246 1142 349 1200 minus.
361 1139 472 1200 interiit
487 1158 580 1218 nuper
595 1138 733 1198 incendio
743 1159 760 1200 a
771 1135 891 1199 Cethe-

195 1240 244 1361 ῗιε
263 1218 459 1291 descendens,
479 1236 544 1284 tus.
556 1232 614 1279 tw.
627 1235 806 1313 permutata,
818 1218 888 1278 lati·

212 1299 292 1362 undii
309 1302 475 1373 taxatione,
491 1302 518 1360 si
537 1302 600 1381 quis
609 1300 796 1382 praedramnti
809 1320 889 1360 mec-

196 1384 258 1443 cari
277 1382 367 1444 malit.
386 1380 561 1463 Magnitudo
586 1382 764 1463 amplissima
788 1380 888 1446 adhue

198 1463 270 1536 fuit,
286 1467 369 1526 unius
383 1459 539 1526 commisse
557 1481 594 1524 ex
611 1463 730 1524 orbibus
752 1461 890 1524 dimidia·

197 1546 236 1604 tis
251 1542 364 1608 duobus
375 1586 385 1613 ,
397 1563 413 1602 a
425 1560 493 1623 rege
504 1540 691 1606 Mauretaniae
704 1542 889 1618 Ptolemaeo,

197 1640 322 1706 quatuor
342 1622 451 1703 pedum
470 1623 504 1684 &
524 1621 676 1703 semipedis
688 1645 742 1706 per
753 1623 889 1700 medium

195 1704 360 1778 ambitum,
381 1702 569 1764 crassitudine
596 1705 784 1785 quadrantali.
813 1703 899 1766 Ma-·
930 1713 935 1719 ’

198 1783 299 1874 jusque
321 1784 489 1847 miraculum
507 1786 536 1845 in
553 1784 588 1846 ei
607 1784 648 1848 est
670 1789 757 1861 artis,
774 1785 887 1852 latente

198 1864 344 1945 junctura,
361 1865 446 1948 quim
468 1865 602 1948 potuillet
619 1865 676 1929 else
688 1880 807 1931 natutae.
827 1865 888 1931 So·

199 1945 266 2006 lidae
286 1963 384 2007 autem
404 1968 420 2006 a
441 1946 554 2008 Nomio
574 1944 693 2008 Caesaris
710 1949 813 2011 liberto
823 1970 884 2011 co·

198 2047 326 2109 gnomen
340 2028 495 2100 trahentis,
505 2029 594 2091 tribus
603 2031 717 2093 sicilicis
729 2028 802 2091 infra
832 2051 885 2090 ua-

198 2126 265 2169 tunt
283 2108 392 2188 pedes,
407 2109 590 2192 totidemque
608 2109 682 2173 infra
700 2050 884 2191 semipeietn

194 2190 404 2257 crassitudinis.
421 2189 494 2270 Qui
513 2193 543 2253 in
560 2212 592 2252 te
609 2214 669 2256 uun
681 2192 880 2257 omittendum

196 2271 331 2345 videtur,
347 2271 468 2337 Tiberio
488 2274 609 2354 principi
619 2272 746 2338 mensam
756 2291 883 2355 quatuor

196 2353 290 2432 pedes
310 2352 439 2417 sextante
449 2355 598 2419 &sicilico
610 2355 800 2417 excedentem
810 2400 820 2430 ,
830 2372 882 2421 εον

197 2433 227 2492 tlt
242 2434 315 2496 ucri)
326 2436 513 2499 ermeimdine
522 2432 701 2510 sescunciali,
711 2437 882 2517 operimen-

196 2528 230 2572 to
249 2514 361 2585 lantinae
378 2514 512 2576 vestitam
532 2513 629 2586 mitre,
652 2520 719 2579 curn
738 2535 799 2580 tarn
817 2519 882 2598 opi·

195 2614 246 2653 ma
264 2593 374 2657 Nomio
391 2596 497 2657 liberto
514 2593 577 2675 ejus
588 2595 675 2659 effer.
701 2594 805 2660 Tuber
821 2599 881 2659 hoe

195 2671 240 2732 est
261 2676 381 2750 radicis,
402 2674 586 2758 maximique
608 2678 773 2750 laudatum,
796 2679 881 2760 quod
954 2692 956 2701 ⁴

196 2748 248 2814 sub
268 2757 457 2821 territorum
482 2755 597 2821 fuerit:
621 2761 654 2823 ἃ
673 2761 763 2823 ratius
791 2758 883 2840 quim
