1975 3575
244 253 327 351 '360
375 252 412 339 C.
432 240 618 324 'Pzrmrr
642 252 830 327 Nasum.

252 372 414 446 vehuntur.
441 371 621 433 levissimum
641 370 683 432 est
704 371 863 447 Gallicum,
878 384 919 435 ati

250 474 306 535 que
320 473 336 511 e
353 450 536 513 Chersoneso
555 451 724 514 advedum:
744 457 851 536 quippe
867 470 918 515 nou

249 532 398 594 excedunt
412 534 444 592 iu
459 532 590 593 modium
599 535 714 593 vicenas
726 533 826 608 libras,
836 535 916 615 siquis

272 634 375 672 ramum
395 613 486 693 ipsum
508 613 662 693 ponderet.
682 611 795 691 Adjicit
809 614 914 675 Sardum

282 694 388 766 silmas,
403 693 633 753 Alexandrinum
643 693 676 753 &
687 694 821 755 trientes:
831 695 914 755 hoc&

252 771 340 834 Siculi
357 773 478 852 pondus.
490 773 657 832 Boeoticum
668 789 761 834 totam
771 774 867 835 libram
876 773 914 833 ad·

252 853 312 914 dit:
326 852 459 913 Africum
476 854 510 914 δι
526 853 693 915 dodrantes.
709 853 912 934 lnTramspadt-

233 934 291 997 ‘ot
306 932 385 992 Italis
402 932 461 993 scio
476 934 594 993 vicenus
621 936 722 1015 quinas
743 934 827 997 libras
846 933 910 994 sartis

250 1012 369 1075 modios
389 1013 540 1093 pendere:
558 1016 632 1074 circa
644 1012 779 1075 Clusium
796 1017 826 1078 δι
837 1013 914 1075 senas'
962 994 963 1059 d

251 1093 315 1155 Lex
332 1095 412 1154 certe
437 1104 561 1167 naturae,
578 1095 655 1153 utin
674 1115 855 1235 quocumfflue
870 1114 911 1177 ge·

249 1193 320 1235 nere
338 1176 405 1252 pani
426 1174 539 1233 militari
557 1175 642 1233 tertia
668 1178 767 1255 portio
792 1197 808 1235 a
844 1175 909 1256 grani

216 1260 217 1263 ’
250 1252 366 1336 pondus
390 1255 526 1314 accedat:
543 1256 617 1314 sicut
634 1257 783 1335 optimum
803 1255 911 1316 frumen·

251 1351 313 1394 tum
336 1331 412 1406 esse,
473 1335 513 1395 od
524 1335 552 1393 in
567 1332 679 1395 subasiu
697 1339 830 1419 congium
844 1354 909 1417 aqua
962 1398 963 1401 ,

251 1415 354 1494 capiat.
375 1413 436 1492 Qu'
460 1412 557 1474 usdam
575 1414 729 1496 generibus
750 1438 803 1497 per
817 1415 909 1498 sepon-
961 1478 963 1499 ἵ

252 1494 325 1565 dus,
339 1496 412 1553 sicut
427 1495 594 1555 Balearicus
614 1496 719 1556 modio
742 1498 825 1558 tritici
843 1498 907 1642 {mis

251 1573 353 1656 pondo
372 1591 476 1635 xxxv.
495 1574 592 1635 reddit
611 1597 619 1636 ε
641 1573 824 1654 Quibusdam
864 1577 906 1635 inis

230 1672 233 1691 ³
252 1656 368 1724 mixtis,
391 1671 425 1714 ut
448 1653 565 1735 Cyprio
584 1656 616 1717 &
638 1655 848 1730 Alexandrino,
862 1670 908 1715 xx·

249 1734 342 1817 prop&
360 1733 446 1795 libras
462 1756 524 1796 non
547 1735 761 1801 excedentibus.
786 1737 908 1820 Cyprium

251 1811 360 1874 fuscum
378 1814 420 1874 est
433 1858 443 1887 ,
455 1837 630 1957 Klanemjue
648 1819 762 1899 nigrum
779 1819 907 1880 facitziu·

224 1907 228 1915 '
272 1891 448 1958 uemiscetut
498 1918 571 1957 exau
592 1896 907 1968 rinumcandidum,red·

223 1997 228 2004 “
250 1914 380 2054 dumque
399 1991 482 2037 xxv.
505 1978 614 2056 pondo.
640 1978 820 2041 Thebaicum
838 1979 907 2038 sibras

233 2051 235 2058 ⁴
250 2051 359 2133 adjicit.
368 2054 483 2115 Marind
497 2058 570 2138 aquai
580 2057 689 2141 subigi,
705 2062 786 2142 quod
799 2061 907 2142 plerique

249 2136 399 2195 maritimis
417 2137 448 2194 irt
465 2137 539 2197 locis
555 2136 684 2211 faciunt,
703 2143 849 2203 occasione
873 2138 908 2197 lu·

251 2214 349 2276 eraudi
372 2214 453 2290 salis,
472 2217 697 2280 inutilissimum.
718 2220 788 2282 Non
808 2218 858 2281 alit
875 2217 907 2277 de

250 2295 334 2356 causi
355 2316 374 2355 o
396 2300 562 2375 portuuiora
582 2299 691 2368 morbis
713 2323 833 2383 corpora
846 2299 908 2358 ersi·

250 2374 335 2444 stunt.
384 2376 455 2442 alliae
473 2378 506 2458 ὃς
524 2377 669 2458 Hispaniae
680 2379 908 2459 frumentoinpo·

248 2453 312 2514 tum
328 2453 470 2530 resoluto,
486 2459 589 2538 quibus
612 2460 735 2523 diximus
756 2459 908 2546 genetibus,

247 2534 265 2604 s
280 2534 348 2597 umi
364 2537 404 2596 ita
424 2540 560 2599 concretd
574 2558 629 2620 pto
643 2539 788 2605 fermento
798 2557 909 2604 utuntur.

285 2616 321 2675 us
337 2615 374 2677 de
392 2619 477 2678 causi
493 2619 586 2682 levior
604 2621 677 2696 illis,
696 2622 783 2705 quaint
798 2622 909 2691 ceteris,

215 2733 216 2738 κ
247 2698 328 2777 panis
348 2694 399 2758 est.

254 2821 260 2828 -
286 2773 661 2870 Differentiaest&calami.
671 2781 802 2848 Crassior
810 2784 908 2924 quipp}

793 2878 907 2927 meotis
