1975 3575
164 277 627 350 Hrsron.Lib.XV111.
680 300 747 376 343

75 397 154 460 rendi
171 397 330 478 priscarum
342 397 438 478 legum
453 396 665 458 benevolentis.
674 396 751 459 Cau·

77 497 132 539 rum
149 481 258 560 quippe
287 476 354 550 est,
374 497 411 536 ne
436 477 566 550 bovem,
588 477 749 617 priusquam

77 579 172 632 ovem,
191 558 379 631 nominaret,
400 560 450 640 qui
467 558 609 618 indiceret
621 578 670 616 mu
681 576 750 621 ratu.

77 637 165 698 Ludos
186 639 280 701 boum
302 639 389 698 causd
407 635 749 710 celebrantes,Buberios

78 719 220 779 vocabant.
243 717 365 780 Servius
386 739 454 793 rex,
474 721 578 781 ovium
601 718 753 799 boumque

78 796 164 881 effigie
184 801 298 880 primus
316 821 357 862 aes
377 799 508 881 signavit.
538 798 664 881 Frugem
686 800 754 880 quie

78 878 139 938 dem
159 898 253 941 aratro
276 883 430 962 quaesitam
449 881 550 941 furtim
561 878 649 939 nosiu
665 875 757 959 pavis·

78 955 117 1032 se,
129 981 160 1019 ac
175 958 319 1034 secuisse,
361 959 443 1019 uberi
463 976 523 1020 xrr.
545 958 649 1019 tabulis
674 958 756 1050 capi·

79 1038 113 1098 rai
128 1059 203 1103 erat:
217 1039 446 1123 suspensumque
465 1037 569 1100 Cereri
588 1039 685 1099 necari
711 1042 757 1119 lu·

79 1118 195 1196 bebaut,
210 1124 334 1203 gravitas
347 1119 435 1203 qudm
453 1122 483 1179 in
504 1118 663 1181 homicidio
681 1139 757 1183 con-

80 1198 193 1261 ridum:
214 1203 372 1283 impubem
384 1201 517 1281 praetoris
536 1199 672 1260 arbitratu
684 1219 756 1261 ver·

79 1276 178 1354 bereri,
195 1286 379 1362 noxiamque
399 1281 439 1340 du
459 1280 538 1340 lione
560 1279 686 1340 decerni.

113 1357 171 1421 Jam
190 1363 341 1425 distinctio
360 1302 510 1445 honosque
527 1361 650 1420 civitatis
665 1360 755 1500 ipsius

82 1457 133 1500 non
150 1443 264 1504 aliunde
284 1459 357 1505 erat.
382 1439 507 1501 Rusticae
519 1439 609 1501 tribus
623 1441 669 1500 lau
690 1442 757 1500 atis-

82 1520 150 1580 sima
173 1543 294 1598 eorum,
316 1524 366 1604 qui
385 1543 449 1582 rura
468 1521 616 1581 haberent.
628 1520 758 1582 Urbana

82 1602 167 1673 verb,
185 1606 307 1688 inques
324 1600 469 1663 transferri
487 1601 646 1684 ignominia
665 1599 755 1672 esset,

83 1677 189 1743 desidiae
206 1687 329 1766 probro.
342 1682 442 1764 Itaque
453 1700 576 1763 quatuor
591 1680 658 1741 solae
674 1692 757 1757 erant

83 1764 233 1842 apartibus
254 1765 399 1839 Urbis,in
431 1767 492 1825 ueis
510 1763 691 1834 habitabant,
703 1758 757 1822 Su·

84 1786 756 1927 burrana,Palatina,Co‘ilina‚EsquilinaNun·

84 1916 147 1983 dinis
165 1925 284 1987 Urbem
303 1926 503 1995 revisitabant,
522 1925 641 1986 &ideo
664 1923 757 1983 comi·

84 1999 116 2059 tit
126 2006 262 2064 nundinis
281 2004 386 2064 habere
406 2023 465 2062 non
481 2003 601 2074 licebat,
619 2023 657 2062 ne
674 2002 759 2082 plebs

85 2080 177 2144 rustica
200 2102 382 2144 avocaretur.
410 2082 506 2162 Quies
530 2082 702 2161 somnusque
724 2084 756 2140 in

85 2156 238 2224 stramentis
258 2180 327 2223 erat.
345 2160 476 2222 Glon'am
499 2162 565 2221 deni
588 2182 623 2221 ue
641 2161 760 2240 ipsama

86 2235 157 2303 fanis
179 2245 296 2305 honore
313 2242 452 2303 adoream
471 2186 659 2321 appellbbanr.
673 2239 762 2319 Equi-

86 2317 147 2382 dem
167 2323 230 2405 ipsa
249 2327 336 2384 etiam
354 2322 553 2403 verbapriscae
573 2317 762 2401 significatio·

87 2402 126 2460 nis
144 2405 283 2466 admiror.
306 2405 350 2466 lta
373 2406 452 2463 enim
470 2400 513 2461 est
532 2403 562 2459 in
581 2415 761 2460 commenta·

86 2480 128 2539 riis
147 2484 337 2564 pontificum:
351 2503 370 2539 u
396 2485 529 2567 Augurio
547 2484 661 2541 canario
674 2498 763 2561 agen·
821 2515 824 2520 »

87 2547 108 2632 s
114 2561 151 2622 do
162 2565 224 2625 dies
234 2565 455 2637 constituantur,
465 2562 627 2647 priusquam
636 2559 762 2621 frumen·

88 2637 140 2701 »ω’
155 2648 267 2727 vaginis
285 2665 407 2721 exeant,
427 2648 460 2709 ὅ(
484 2661 637 2725 antequam
659 2642 689 2700 in
708 2661 761 2700 va·

88 2740 105 2775 n
116 2723 190 2862 qinas
205 2732 415 2805 perveniant».

140 2801 177 2867 V.
197 2810 275 2890 Ergo
295 2809 340 2869 his
362 2807 491 2872 moribus
511 2801 685 2947 nonprrrodb
706 2797 760 2863 suf«

604 2904 637 2945 ιν
