1975 3575
217 224 655 340 firmaturum.
707 264 753 363 89

74 386 163 469 probo
190 407 223 448 re
249 402 328 458 tatu,
350 387 626 470 pampinorumque,
688 387 753 447 titia

75 470 203 540 domini,
217 408 344 527 tliscursu
364 469 434 527 atria
450 467 547 527 media
564 406 752 549 complelttes.

75 546 131 609 Tot
149 546 333 608 differentias
349 547 398 608 vel
416 546 477 608 sola
492 549 605 607 tantittn
616 547 693 608 ltalia
709 568 752 609 re·

75 630 145 708 cipit.
166 627 230 689 Sta‘t
254 629 468 708 provinciarum
485 629 645 710 aliquarum
654 649 706 708 per
720 626 751 690 se

74 710 135 768 vitis
150 711 213 770 sine
234 708 299 768 ullo
324 709 515 789 pedamento,
535 725 611 768 artus
631 707 696 769 suos
720 711 751 768 in

75 786 100 847 se
119 789 285 872 colligens,
311 791 342 850 &
367 788 508 856 brevitate
535 790 755 850 crassitudinem

76 867 195 949 pascens.
228 869 341 929 Vetant
361 870 418 930 hoc
439 869 527 929 aliubi
548 871 648 931 venti:
668 886 700 929 ut
724 871 755 928 itt
839 936 844 945 ⁸

75 947 169 1009 Africa
186 951 220 1011 ὅ(
236 951 273 1009 ἰιι
290 948 485 1010 Narbonensis
507 951 666 1030 provinciae
686 970 755 1031 par·

77 1029 155 1089 tibus.
175 1028 355 1090 Excrescere
377 1030 450 1089 ultra
471 1027 536 1089 suos
548 1030 668 1110 pollices
708 1050 754 1090 ro·

76 1108 182 1180 hibitae,
200 1110 377 1191 semperque
393 1107 535 1192 pastinatis
551 1111 659 1172 similes
666 1052 752 1180 ,lien

76 1187 167 1249 barum
186 1193 285 1252 modo
302 1197 439 1271 vagantur
458 1211 511 1271 per
528 1212 617 1264 arva,
636 1211 669 1251 ac
686 1212 752 1252 suc·

79 1290 138 1329 curn
153 1288 235 1332 terrae
260 1274 369 1351 passim
383 1273 448 1331 uvis
461 1271 583 1343 bibunt,
599 1292 662 1351 quae
673 1270 752 1332 obicl

78 1353 302 1432 magnitudinem
322 1348 471 1412 infantium
493 1371 651 1431 puerorum
666 1353 695 1409 in
709 1353 755 1410 in·

73 1433 176 1492 tenore
194 1430 309 1493 Africae
344 1448 404 1492 arte
420 1430 595 1511 exsuperant.
615 1431 683 1492 Uva
693 1451 753 1491 non

80 1510 140 1568 alibi
156 1516 267 1593 gratior
288 1454 380 1585 callo,
391 1530 421 1573 ut
432 1513 500 1572 inde
510 1514 603 1594 possit
610 1509 751 1575 invenisse

82 1609 179 1651 nornen
197 1593 346 1653 duracina.
740 1642 743 1649 .

118 1670 251 1756 Namque
272 1692 377 1755 genera
391 1673 612 1767 magnitudine,
633 1672 752 1745 colore,

81 1747 245 1832 saporibus,
276 1756 362 1815 acinis
389 1774 563 1830 innumera,
592 1755 751 1816 etiamnum

83 1833 298 1914 multiplicantur
315 1838 397 1895 vino.
423 1834 480 1896 Hic
498 1856 643 1917 purpureo
653 1838 751 1897 lucent

83 1914 188 1986 colore,
208 1915 272 1976 illic
290 1912 399 1998 fulgent
415 1913 518 1990 roseo,
537 1920 686 1999 nitentque
703 1919 752 1980 vi·

84 1993 137 2053 rili.
154 1993 316 2058 Candicans
338 1999 415 2058 enim
435 1998 594 2078 nigerque,
606 1998 751 2080 vulgares.

85 2069 199 2137 Tument
216 2078 292 2138 verb
312 2098 499 2138 mammarum
514 2077 604 2137 modo
619 2075 752 2141 bumasti.

81 2148 226 2239 ¹Praelongis
243 2156 351 2239 dauyli
373 2160 555 2237 porriguntur
577 2159 671 2218 acinis.
701 2156 751 2219 Est

85 2232 235 2297 illauaturae
244 2236 357 2298 lascivia
370 2253 420 2308 ,ut
431 2236 644 2317 praegrandibus
655 2237 752 2296 adha-

85 2331 156 2374 reant
172 2322 271 2397 parvi,
283 2320 369 2378 mites
379 2358 389 2388 ‚
398 2316 430 2376 &
442 2314 578 2375 suavitate
597 2333 753 2378 certantesr

87 2390 236 2480 leptoragas
254 2399 306 2457 has
324 2413 441 2458 vocant.
472 2391 587 2455 Durant
614 2397 676 2456 aliae

87 2470 204 2552 hiemes,
221 2478 325 2560 pensili
344 2493 552 2537 concamerata
567 2476 658 2536 nodo.
677 2416 754 2538 Alii

86 2552 113 2610 in
128 2552 173 2620 sui
190 2561 301 2619 rantum
318 2559 502 2622 continentur
525 2557 620 2617 animi
640 2556 707 2617 ollis
718 2555 754 2617 fi·

89 2629 204 2708 ffilibus,
221 2639 253 2699 &
273 2637 388 2719 insuper
410 2637 495 2697 doliis
513 2636 644 2709 inclusae,
668 2634 754 2717 stipa·

89 2725 120 2802 ιφ
133 2716 255 2777 vinaceis
277 2715 560 2780 circumsudantibus.
590 2718 666 2779 Aliis
690 2737 752 2800 gra·

89 2806 168 2871 Μ.
185 2800 233 2881 qui
252 2799 287 2865 δι
304 2800 380 2864 vinis
390 2841 403 2873 ,
413 2795 508 2862 fumus
521 2793 613 2863 auten
627 2796 751 2880 fabrum
