<?xml version="1.0" encoding="UTF-8"?>
<!DOCTYPE html PUBLIC "-//W3C//DTD XHTML 1.0 Transitional//EN"
    "http://www.w3.org/TR/xhtml1/DTD/xhtml1-transitional.dtd">
<html xmlns="http://www.w3.org/1999/xhtml" xml:lang="en" lang="en">
 <head>
  <title>
</title>
<meta http-equiv="Content-Type" content="text/html;charset=utf-8" />
  <meta name='ocr-system' content='tesseract 3.04.00' />
  <meta name='ocr-capabilities' content='ocr_page ocr_carea ocr_par ocr_line ocrx_word'/>
</head>
<body>
  <div class='ocr_page' id='page_1' title='image "./caiipliniisecun01goog_0106.png"; bbox 0 0 1975 3575; ppageno 0'>
   <div class='ocr_carea' id='block_1_1' title="bbox 252 226 842 372">
    <p class='ocr_par' dir='ltr' id='par_1_1' title="bbox 252 226 842 372">
     <span class='ocr_line' id='line_1_1' title="bbox 252 226 842 372; baseline -0.017 -26"><span class='ocrx_word' id='word_1_1' title='bbox 252 226 303 369; x_wconf 59' lang='lat'>‘96</span> <span class='ocrx_word' id='word_1_2' title='bbox 353 269 390 341; x_wconf 80' lang='lat' dir='ltr'>C.</span> <span class='ocrx_word' id='word_1_3' title='bbox 416 266 842 372; x_wconf 75' lang='lat' dir='ltr'>l’rrrmNArulr.¹</span> 
     </span>
    </p>
   </div>
   <div class='ocr_carea' id='block_1_2' title="bbox 179 386 943 2079">
    <p class='ocr_par' dir='ltr' id='par_1_2' title="bbox 179 386 943 2079">
     <span class='ocr_line' id='line_1_2' title="bbox 255 386 943 472; baseline -0.003 -23"><span class='ocrx_word' id='word_1_4' title='bbox 255 387 423 472; x_wconf 83' lang='lat' dir='ltr'>quibusdam</span> <span class='ocrx_word' id='word_1_5' title='bbox 435 387 515 460; x_wconf 89' lang='lat' dir='ltr'>aliis,</span> <span class='ocrx_word' id='word_1_6' title='bbox 529 386 646 467; x_wconf 77' lang='lat' dir='ltr'>pessimi</span> <span class='ocrx_word' id='word_1_7' title='bbox 659 387 774 468; x_wconf 87' lang='lat' dir='ltr'>generis</span> <span class='ocrx_word' id='word_1_8' title='bbox 787 394 943 469; x_wconf 67' lang='lat' dir='ltr'>argumeni</span> 
     </span>
     <span class='ocr_line' id='line_1_3' title="bbox 257 465 943 548; baseline -0.006 -19"><span class='ocrx_word' id='word_1_9' title='bbox 257 489 300 530; x_wconf 89' lang='lat' dir='ltr'>ro.</span> <span class='ocrx_word' id='word_1_10' title='bbox 323 468 421 529; x_wconf 87' lang='lat' dir='ltr'>lrtiola</span> <span class='ocrx_word' id='word_1_11' title='bbox 438 468 589 539; x_wconf 77' lang='lat' dir='ltr'>Umbriae,</span> <span class='ocrx_word' id='word_1_12' title='bbox 609 465 825 548; x_wconf 84' lang='lat' dir='ltr'>Mevanatique</span> <span class='ocrx_word' id='word_1_13' title='bbox 850 469 885 528; x_wconf 73' lang='grc' dir='ltr'>ὅ(</span> <span class='ocrx_word' id='word_1_14' title='bbox 899 465 943 526; x_wconf 87' lang='lat' dir='ltr'>Pi·</span> 
     </span>
     <span class='ocr_line' id='line_1_4' title="bbox 254 545 943 629; baseline -0.006 -19"><span class='ocrx_word' id='word_1_15' title='bbox 254 570 330 610; x_wconf 87' lang='lat' dir='ltr'>ceno</span> <span class='ocrx_word' id='word_1_16' title='bbox 349 571 365 608; x_wconf 90' lang='lat' dir='ltr'>a</span> <span class='ocrx_word' id='word_1_17' title='bbox 386 571 418 609; x_wconf 88' lang='lat' dir='ltr'>ro</span> <span class='ocrx_word' id='word_1_18' title='bbox 443 548 593 629; x_wconf 89' lang='lat' dir='ltr'>peculiaris</span> <span class='ocrx_word' id='word_1_19' title='bbox 614 545 671 620; x_wconf 85' lang='lat' dir='ltr'>est,</span> <span class='ocrx_word' id='word_1_20' title='bbox 689 545 888 608; x_wconf 87' lang='lat' dir='ltr'>Amiternino</span> <span class='ocrx_word' id='word_1_21' title='bbox 896 567 943 626; x_wconf 90' lang='lat' dir='ltr'>pu·</span> 
     </span>
     <span class='ocr_line' id='line_1_5' title="bbox 254 570 943 691; baseline -0.004 -1"><span class='ocrx_word' id='word_1_22' title='bbox 254 631 342 691; x_wconf 83' lang='lat' dir='ltr'>mula.</span> <span class='ocrx_word' id='word_1_23' title='bbox 364 570 470 690; x_wconf 63' lang='lat' dir='ltr'>iisdem</span> <span class='ocrx_word' id='word_1_24' title='bbox 491 629 647 688; x_wconf 85' lang='lat' dir='ltr'>hannanica</span> <span class='ocrx_word' id='word_1_25' title='bbox 663 626 750 687; x_wconf 80' lang='lat' dir='ltr'>fallax</span> <span class='ocrx_word' id='word_1_26' title='bbox 761 626 829 688; x_wconf 83' lang='lat' dir='ltr'>est:</span> <span class='ocrx_word' id='word_1_27' title='bbox 848 646 943 687; x_wconf 87' lang='lat' dir='ltr'>amant</span> 
     </span>
     <span class='ocr_line' id='line_1_6' title="bbox 254 706 942 790; baseline -0.006 -19"><span class='ocrx_word' id='word_1_28' title='bbox 254 727 354 771; x_wconf 89' lang='lat' dir='ltr'>tamen</span> <span class='ocrx_word' id='word_1_29' title='bbox 374 731 446 771; x_wconf 86' lang='lat' dir='ltr'>eam.</span> <span class='ocrx_word' id='word_1_30' title='bbox 471 709 624 789; x_wconf 89' lang='lat' dir='ltr'>Municipii</span> <span class='ocrx_word' id='word_1_31' title='bbox 644 727 731 768; x_wconf 86' lang='lat' dir='ltr'>uvam</span> <span class='ocrx_word' id='word_1_32' title='bbox 742 706 885 790; x_wconf 89' lang='lat' dir='ltr'>Pompeii</span> <span class='ocrx_word' id='word_1_33' title='bbox 894 728 942 767; x_wconf 88' lang='lat' dir='ltr'>no·</span> 
     </span>
     <span class='ocr_line' id='line_1_7' title="bbox 254 785 943 872; baseline -0.006 -21"><span class='ocrx_word' id='word_1_34' title='bbox 254 793 334 853; x_wconf 91' lang='lat' dir='ltr'>mine</span> <span class='ocrx_word' id='word_1_35' title='bbox 354 791 516 872; x_wconf 85' lang='lat' dir='ltr'>appellant,</span> <span class='ocrx_word' id='word_1_36' title='bbox 537 790 669 870; x_wconf 87' lang='lat' dir='ltr'>quamvis</span> <span class='ocrx_word' id='word_1_37' title='bbox 688 785 825 848; x_wconf 85' lang='lat' dir='ltr'><strong>Clusinis</strong></span> <span class='ocrx_word' id='word_1_38' title='bbox 845 790 943 869; x_wconf 82' lang='lat' dir='ltr'>copie·</span> 
     </span>
     <span class='ocr_line' id='line_1_8' title="bbox 256 868 940 951; baseline -0.009 -19"><span class='ocrx_word' id='word_1_39' title='bbox 256 874 374 932; x_wconf 85' lang='lat' dir='ltr'>sierem.</span> <span class='ocrx_word' id='word_1_40' title='bbox 397 869 550 951; x_wconf 90' lang='lat' dir='ltr'>Municipii</span> <span class='ocrx_word' id='word_1_41' title='bbox 567 870 600 930; x_wconf 71' lang='grc' dir='ltr'>δι</span> <span class='ocrx_word' id='word_1_42' title='bbox 615 868 757 929; x_wconf 84' lang='lat' dir='ltr'>Tiburtes</span> <span class='ocrx_word' id='word_1_43' title='bbox 772 869 940 951; x_wconf 74' lang='lat' dir='ltr'>appellare·</span> 
     </span>
     <span class='ocr_line' id='line_1_9' title="bbox 255 949 939 1033; baseline -0.012 -20"><span class='ocrx_word' id='word_1_44' title='bbox 255 973 308 1027; x_wconf 87' lang='lat' dir='ltr'>re,</span> <span class='ocrx_word' id='word_1_45' title='bbox 323 955 455 1033; x_wconf 86' lang='lat' dir='ltr'>quamvis</span> <span class='ocrx_word' id='word_1_46' title='bbox 467 949 645 1032; x_wconf 86' lang='lat' dir='ltr'>oleagineam</span> <span class='ocrx_word' id='word_1_47' title='bbox 663 968 755 1029; x_wconf 88' lang='lat' dir='ltr'>nuper</span> <span class='ocrx_word' id='word_1_48' title='bbox 772 949 939 1009; x_wconf 86' lang='lat' dir='ltr'>invenerint</span> 
     </span>
     <span class='ocr_line' id='line_1_10' title="bbox 255 1028 939 1093; baseline -0.01 0"><span class='ocrx_word' id='word_1_49' title='bbox 255 1053 274 1093; x_wconf 83' lang='lat' dir='ltr'>a</span> <span class='ocrx_word' id='word_1_50' title='bbox 294 1033 480 1093; x_wconf 82' lang='lat' dir='ltr'>similitudine</span> <span class='ocrx_word' id='word_1_51' title='bbox 503 1032 598 1091; x_wconf 84' lang='lat' dir='ltr'>olivae.</span> <span class='ocrx_word' id='word_1_52' title='bbox 616 1028 787 1091; x_wconf 80' lang='lat' dir='ltr'>Novissima</span> <span class='ocrx_word' id='word_1_53' title='bbox 799 1031 939 1091; x_wconf 83' lang='lat' dir='ltr'>lraecuva·</span> 
     </span>
     <span class='ocr_line' id='line_1_11' title="bbox 256 1108 936 1192; baseline -0.007 -19"><span class='ocrx_word' id='word_1_54' title='bbox 256 1134 322 1173; x_wconf 79' lang='lat' dir='ltr'>rum</span> <span class='ocrx_word' id='word_1_55' title='bbox 336 1113 373 1171; x_wconf 88' lang='lat' dir='ltr'>ad</span> <span class='ocrx_word' id='word_1_56' title='bbox 390 1114 446 1172; x_wconf 86' lang='lat' dir='ltr'>hoc</span> <span class='ocrx_word' id='word_1_57' title='bbox 462 1129 577 1192; x_wconf 85' lang='lat' dir='ltr'>tempus</span> <span class='ocrx_word' id='word_1_58' title='bbox 597 1126 709 1189; x_wconf 85' lang='lat' dir='ltr'>reperta</span> <span class='ocrx_word' id='word_1_59' title='bbox 725 1108 779 1171; x_wconf 85' lang='lat' dir='ltr'>est.</span> <span class='ocrx_word' id='word_1_60' title='bbox 801 1109 936 1169; x_wconf 84' lang='lat' dir='ltr'>Vinacio·</span> 
     </span>
     <span class='ocr_line' id='line_1_12' title="bbox 257 1188 938 1265; baseline -0.004 -14"><span class='ocrx_word' id='word_1_61' title='bbox 257 1193 316 1252; x_wconf 89' lang='lat' dir='ltr'>lam</span> <span class='ocrx_word' id='word_1_62' title='bbox 346 1191 399 1251; x_wconf 91' lang='lat' dir='ltr'>soli</span> <span class='ocrx_word' id='word_1_63' title='bbox 421 1207 566 1251; x_wconf 87' lang='lat' dir='ltr'>noverunt</span> <span class='ocrx_word' id='word_1_64' title='bbox 593 1189 711 1265; x_wconf 87' lang='lat' dir='ltr'>Sabini,</span> <span class='ocrx_word' id='word_1_65' title='bbox 736 1190 771 1252; x_wconf 90' lang='lat'>&amp;</span> <span class='ocrx_word' id='word_1_66' title='bbox 796 1188 938 1250; x_wconf 83' lang='lat' dir='ltr'>Laurenti.</span> 
     </span>
     <span class='ocr_line' id='line_1_13' title="bbox 256 1268 935 1352; baseline -0.007 -19"><span class='ocrx_word' id='word_1_67' title='bbox 256 1270 334 1333; x_wconf 89' lang='lat' dir='ltr'>Nam</span> <span class='ocrx_word' id='word_1_68' title='bbox 350 1271 498 1334; x_wconf 86' lang='lat' dir='ltr'>Gauranas</span> <span class='ocrx_word' id='word_1_69' title='bbox 510 1270 568 1331; x_wconf 87' lang='lat' dir='ltr'>scio</span> <span class='ocrx_word' id='word_1_70' title='bbox 581 1291 598 1330; x_wconf 87' lang='lat' dir='ltr'>a</span> <span class='ocrx_word' id='word_1_71' title='bbox 609 1269 730 1330; x_wconf 87' lang='lat' dir='ltr'>Falerno</span> <span class='ocrx_word' id='word_1_72' title='bbox 741 1291 817 1352; x_wconf 90' lang='lat' dir='ltr'>agro</span> <span class='ocrx_word' id='word_1_73' title='bbox 828 1268 935 1331; x_wconf 73' lang='lat' dir='ltr'>transsa-</span> 
     </span>
     <span class='ocr_line' id='line_1_14' title="bbox 255 1349 933 1433; baseline -0.004 -19"><span class='ocrx_word' id='word_1_74' title='bbox 255 1370 300 1414; x_wconf 87' lang='lat' dir='ltr'>tas</span> <span class='ocrx_word' id='word_1_75' title='bbox 317 1356 415 1425; x_wconf 74' lang='lat' dir='ltr'>vorari</span> <span class='ocrx_word' id='word_1_76' title='bbox 431 1351 581 1426; x_wconf 88' lang='lat' dir='ltr'>Falernas,</span> <span class='ocrx_word' id='word_1_77' title='bbox 597 1351 746 1412; x_wconf 69' lang='lat' dir='ltr'>celerrime</span> <span class='ocrx_word' id='word_1_78' title='bbox 761 1352 875 1433; x_wconf 86' lang='lat' dir='ltr'>ubique</span> <span class='ocrx_word' id='word_1_79' title='bbox 890 1349 933 1411; x_wconf 76' lang='lat' dir='ltr'>de·</span> 
     </span>
     <span class='ocr_line' id='line_1_15' title="bbox 256 1430 932 1516; baseline -0.012 -23"><span class='ocrx_word' id='word_1_80' title='bbox 256 1453 435 1516; x_wconf 83' lang='lat' dir='ltr'>generantes.</span> <span class='ocrx_word' id='word_1_81' title='bbox 457 1433 599 1493; x_wconf 90' lang='lat' dir='ltr'>Necnon</span> <span class='ocrx_word' id='word_1_82' title='bbox 624 1430 822 1492; x_wconf 82' lang='lat' dir='ltr'>Tarentinum</span> <span class='ocrx_word' id='word_1_83' title='bbox 851 1446 932 1513; x_wconf 89' lang='lat' dir='ltr'>genus</span> 
     </span>
     <span class='ocr_line' id='line_1_16' title="bbox 255 1509 931 1595; baseline -0.006 -22"><span class='ocrx_word' id='word_1_84' title='bbox 255 1515 342 1595; x_wconf 78' lang='lat' dir='ltr'>aliqui</span> <span class='ocrx_word' id='word_1_85' title='bbox 361 1514 475 1588; x_wconf 84' lang='lat' dir='ltr'>fecere,</span> <span class='ocrx_word' id='word_1_86' title='bbox 492 1513 629 1593; x_wconf 85' lang='lat' dir='ltr'>praedulei</span> <span class='ocrx_word' id='word_1_87' title='bbox 650 1513 716 1572; x_wconf 73' lang='lat' dir='ltr'>uvi.</span> <span class='ocrx_word' id='word_1_88' title='bbox 743 1509 931 1595; x_wconf 87' lang='lat' dir='ltr'>Capnias,&amp;</span> 
     </span>
     <span class='ocr_line' id='line_1_17' title="bbox 255 1587 932 1673; baseline -0.012 -18"><span class='ocrx_word' id='word_1_89' title='bbox 255 1595 453 1664; x_wconf 86' lang='lat' dir='ltr'>bucconiatis,</span> <span class='ocrx_word' id='word_1_90' title='bbox 467 1595 502 1655; x_wconf 86' lang='lat'>&amp;</span> <span class='ocrx_word' id='word_1_91' title='bbox 520 1594 663 1673; x_wconf 81' lang='lat' dir='ltr'>tarrupia,</span> <span class='ocrx_word' id='word_1_92' title='bbox 682 1595 712 1653; x_wconf 93' lang='lat' dir='ltr'>in</span> <span class='ocrx_word' id='word_1_93' title='bbox 726 1591 868 1653; x_wconf 86' lang='lat' dir='ltr'>Thurinis</span> <span class='ocrx_word' id='word_1_94' title='bbox 880 1587 932 1649; x_wconf 88' lang='lat' dir='ltr'>col·</span> 
     </span>
     <span class='ocr_line' id='line_1_18' title="bbox 256 1668 930 1753; baseline -0.009 -19"><span class='ocrx_word' id='word_1_95' title='bbox 256 1674 331 1734; x_wconf 91' lang='lat' dir='ltr'>libus</span> <span class='ocrx_word' id='word_1_96' title='bbox 353 1694 412 1734; x_wconf 92' lang='lat' dir='ltr'>non</span> <span class='ocrx_word' id='word_1_97' title='bbox 431 1675 496 1734; x_wconf 73' lang='lat' dir='ltr'>ante</span> <span class='ocrx_word' id='word_1_98' title='bbox 520 1674 722 1747; x_wconf 85' lang='lat' dir='ltr'>demetuntur,</span> <span class='ocrx_word' id='word_1_99' title='bbox 762 1673 834 1734; x_wconf 71' lang='lat' dir='ltr'>uim</span> <span class='ocrx_word' id='word_1_100' title='bbox 864 1668 930 1753; x_wconf 78' lang='lat' dir='ltr'>gela·</span> 
     </span>
     <span class='ocr_line' id='line_1_19' title="bbox 255 1696 911 1836; baseline 0 -20"><span class='ocrx_word' id='word_1_101' title='bbox 255 1757 340 1816; x_wconf 84' lang='lat' dir='ltr'>verit.</span> <span class='ocrx_word' id='word_1_102' title='bbox 359 1752 460 1814; x_wconf 74' lang='lat' dir='ltr'>Phariis</span> <span class='ocrx_word' id='word_1_103' title='bbox 479 1756 604 1836; x_wconf 85' lang='lat' dir='ltr'>gaudent</span> <span class='ocrx_word' id='word_1_104' title='bbox 616 1696 761 1816; x_wconf 70' lang='lat' dir='ltr'>Pisae2ld</span> <span class='ocrx_word' id='word_1_105' title='bbox 907 1751 911 1756; x_wconf 77' lang='grc'><strong>’</strong></span> 
     </span>
     <span class='ocr_line' id='line_1_20' title="bbox 254 1828 928 1918; baseline -0.001 -23"><span class='ocrx_word' id='word_1_106' title='bbox 254 1834 319 1906; x_wconf 73' lang='lat' dir='ltr'>nii,</span> <span class='ocrx_word' id='word_1_107' title='bbox 336 1836 420 1915; x_wconf 84' lang='lat' dir='ltr'>nigro</span> <span class='ocrx_word' id='word_1_108' title='bbox 437 1838 538 1906; x_wconf 88' lang='lat' dir='ltr'>acino,</span> <span class='ocrx_word' id='word_1_109' title='bbox 558 1838 630 1895; x_wconf 90' lang='lat' dir='ltr'>intra</span> <span class='ocrx_word' id='word_1_110' title='bbox 650 1835 874 1918; x_wconf 83' lang='lat' dir='ltr'>quadriennium</span> <span class='ocrx_word' id='word_1_111' title='bbox 893 1828 928 1889; x_wconf 74' lang='lat' dir='ltr'>al·</span> 
     </span>
     <span class='ocr_line' id='line_1_21' title="bbox 179 1910 928 1997; baseline -0.001 -23"><span class='ocrx_word' id='word_1_112' title='bbox 179 1925 187 1934; x_wconf 83' lang='lat'><em>‘</em></span> <span class='ocrx_word' id='word_1_113' title='bbox 256 1914 390 1974; x_wconf 89' lang='lat' dir='ltr'>bescente</span> <span class='ocrx_word' id='word_1_114' title='bbox 410 1916 493 1979; x_wconf 72' lang='lat' dir='ltr'>vino,</span> <span class='ocrx_word' id='word_1_115' title='bbox 517 1915 647 1987; x_wconf 85' lang='lat' dir='ltr'>Mirum,</span> <span class='ocrx_word' id='word_1_116' title='bbox 660 1917 767 1997; x_wconf 89' lang='lat' dir='ltr'>ubique</span> <span class='ocrx_word' id='word_1_117' title='bbox 791 1935 858 1977; x_wconf 87' lang='lat' dir='ltr'>curn</span> <span class='ocrx_word' id='word_1_118' title='bbox 869 1910 928 1973; x_wconf 80' lang='lat' dir='ltr'>sole</span> 
     </span>
     <span class='ocr_line' id='line_1_22' title="bbox 257 1994 928 2079; baseline -0.009 -24"><span class='ocrx_word' id='word_1_119' title='bbox 257 1996 413 2077; x_wconf 85' lang='lat' dir='ltr'>circumagi</span> <span class='ocrx_word' id='word_1_120' title='bbox 425 2017 532 2067; x_wconf 88' lang='lat' dir='ltr'>uvam,</span> <span class='ocrx_word' id='word_1_121' title='bbox 568 2018 611 2055; x_wconf 87' lang='lat' dir='ltr'>uae</span> <span class='ocrx_word' id='word_1_122' title='bbox 633 1995 673 2056; x_wconf 91' lang='lat' dir='ltr'>ob</span> <span class='ocrx_word' id='word_1_123' title='bbox 694 1997 726 2057; x_wconf 90' lang='lat' dir='ltr'>id</span> <span class='ocrx_word' id='word_1_124' title='bbox 743 1994 869 2079; x_wconf 88' lang='lat' dir='ltr'>llreptos</span> <span class='ocrx_word' id='word_1_125' title='bbox 883 2010 928 2051; x_wconf 84' lang='lat' dir='ltr'>vo·</span> 
     </span>
    </p>
   </div>
   <div class='ocr_carea' id='block_1_3' title="bbox 254 2075 947 2157">
    <p class='ocr_par' dir='ltr' id='par_1_3' title="bbox 254 2075 947 2157">
     <span class='ocr_line' id='line_1_23' title="bbox 254 2075 947 2157; baseline -0.01 -21"><span class='ocrx_word' id='word_1_126' title='bbox 254 2091 343 2136; x_wconf 84' lang='lat' dir='ltr'>catur.</span> <span class='ocrx_word' id='word_1_127' title='bbox 364 2075 400 2136; x_wconf 89' lang='lat' dir='ltr'>Et</span> <span class='ocrx_word' id='word_1_128' title='bbox 416 2078 446 2135; x_wconf 93' lang='lat' dir='ltr'>in</span> <span class='ocrx_word' id='word_1_129' title='bbox 458 2075 538 2136; x_wconf 71' lang='lat' dir='ltr'>ltalii</span> <span class='ocrx_word' id='word_1_130' title='bbox 581 2078 692 2137; x_wconf 79' lang='lat' dir='ltr'>allisam</span> <span class='ocrx_word' id='word_1_131' title='bbox 712 2077 829 2157; x_wconf 87' lang='lat' dir='ltr'>placere</span> <span class='ocrx_word' id='word_1_132' title='bbox 841 2087 927 2148; x_wconf 80' lang='lat' dir='ltr'>,trans</span> <span class='ocrx_word' id='word_1_133' title='bbox 944 2117 947 2124; x_wconf 33' lang='lat'><strong>⁴</strong></span> 
     </span>
    </p>
   </div>
   <div class='ocr_carea' id='block_1_4' title="bbox 254 2151 927 2323">
    <p class='ocr_par' dir='ltr' id='par_1_4' title="bbox 254 2151 927 2323">
     <span class='ocr_line' id='line_1_24' title="bbox 254 2151 927 2239; baseline -0.015 -21"><span class='ocrx_word' id='word_1_134' title='bbox 254 2155 349 2238; x_wconf 82' lang='lat' dir='ltr'>Alpes</span> <span class='ocrx_word' id='word_1_135' title='bbox 368 2157 441 2218; x_wconf 80' lang='lat' dir='ltr'>verb</span> <span class='ocrx_word' id='word_1_136' title='bbox 454 2156 596 2218; x_wconf 80' lang='lat' dir='ltr'>Picenum.</span> <span class='ocrx_word' id='word_1_137' title='bbox 611 2155 694 2216; x_wconf 86' lang='lat' dir='ltr'>Dixit</span> <span class='ocrx_word' id='word_1_138' title='bbox 704 2156 846 2239; x_wconf 87' lang='lat' dir='ltr'>Virgilius</span> <span class='ocrx_word' id='word_1_139' title='bbox 856 2151 927 2213; x_wconf 82' lang='lat' dir='ltr'>Tha·</span> 
     </span>
     <span class='ocr_line' id='line_1_25' title="bbox 255 2232 926 2323; baseline -0.009 -26"><span class='ocrx_word' id='word_1_140' title='bbox 255 2238 330 2311; x_wconf 85' lang='lat' dir='ltr'>sias,</span> <span class='ocrx_word' id='word_1_141' title='bbox 345 2237 378 2299; x_wconf 67' lang='grc' dir='ltr'>ὃ(</span> <span class='ocrx_word' id='word_1_142' title='bbox 391 2235 587 2308; x_wconf 88' lang='lat' dir='ltr'>Mareotidas,</span> <span class='ocrx_word' id='word_1_143' title='bbox 606 2239 638 2299; x_wconf 86' lang='lat'>&amp;</span> <span class='ocrx_word' id='word_1_144' title='bbox 658 2238 753 2320; x_wconf 83' lang='lat' dir='ltr'>lageas</span> <span class='ocrx_word' id='word_1_145' title='bbox 771 2261 779 2299; x_wconf 82' lang='lat' dir='ltr'>t</span> <span class='ocrx_word' id='word_1_146' title='bbox 803 2232 926 2323; x_wconf 60' lang='lat' dir='ltr'>complu*</span> 
     </span>
    </p>
   </div>
   <div class='ocr_carea' id='block_1_5' title="bbox 253 2317 924 2560">
    <p class='ocr_par' dir='ltr' id='par_1_5' title="bbox 253 2317 924 2560">
     <span class='ocr_line' id='line_1_26' title="bbox 253 2317 924 2459; baseline -0.01 -80"><span class='ocrx_word' id='word_1_147' title='bbox 253 2317 353 2459; x_wconf 51' lang='lat' dir='ltr'>pespge</span> <span class='ocrx_word' id='word_1_148' title='bbox 375 2336 528 2395; x_wconf 80' lang='lat' dir='ltr'>externas,</span> <span class='ocrx_word' id='word_1_149' title='bbox 545 2340 608 2401; x_wconf 82' lang='lat' dir='ltr'>quae</span> <span class='ocrx_word' id='word_1_150' title='bbox 626 2338 687 2379; x_wconf 90' lang='lat' dir='ltr'>uon</span> <span class='ocrx_word' id='word_1_151' title='bbox 706 2320 885 2399; x_wconf 86' lang='lat' dir='ltr'>reperiuntur</span> <span class='ocrx_word' id='word_1_152' title='bbox 900 2327 924 2368; x_wconf 67' lang='grc' dir='ltr'>ιη</span> 
     </span>
     <span class='ocr_line' id='line_1_27' title="bbox 272 2411 628 2459; baseline -0.014 0"><span class='ocrx_word' id='word_1_153' title='bbox 272 2416 351 2459; x_wconf 78' lang='lat' dir='ltr'>tar.</span> <span class='ocrx_word' id='word_1_154' title='bbox 417 2427 419 2432; x_wconf 59' lang='lat'>&gt;</span> <span class='ocrx_word' id='word_1_155' title='bbox 623 2411 628 2418; x_wconf 77' lang='grc'>’</span> 
     </span>
     <span class='ocr_line' id='line_1_28' title="bbox 261 2467 923 2560; baseline -0.009 -21"><span class='ocrx_word' id='word_1_156' title='bbox 261 2467 268 2482; x_wconf 72' lang='grc'><strong><em>’</em></strong></span> <span class='ocrx_word' id='word_1_157' title='bbox 295 2477 354 2539; x_wconf 87' lang='lat' dir='ltr'>Sed</span> <span class='ocrx_word' id='word_1_158' title='bbox 376 2477 440 2539; x_wconf 90' lang='lat' dir='ltr'>sunt</span> <span class='ocrx_word' id='word_1_159' title='bbox 460 2482 617 2539; x_wconf 89' lang='lat' dir='ltr'>etiamnum</span> <span class='ocrx_word' id='word_1_160' title='bbox 638 2481 763 2560; x_wconf 85' lang='lat' dir='ltr'>insignes</span> <span class='ocrx_word' id='word_1_161' title='bbox 781 2477 923 2547; x_wconf 74' lang='lat' dir='ltr'>uvl,.mn</span> 
     </span>
    </p>
   </div>
   <div class='ocr_carea' id='block_1_6' title="bbox 254 2557 957 2633">
    <p class='ocr_par' dir='ltr' id='par_1_6' title="bbox 254 2557 957 2633">
     <span class='ocr_line' id='line_1_29' title="bbox 254 2557 957 2633; baseline 0.007 -14"><span class='ocrx_word' id='word_1_162' title='bbox 254 2558 341 2631; x_wconf 77' lang='lat' dir='ltr'>vino,</span> <span class='ocrx_word' id='word_1_163' title='bbox 357 2558 551 2632; x_wconf 72' lang='lat' dir='ltr'>ambrosiam,</span> <span class='ocrx_word' id='word_1_164' title='bbox 573 2561 721 2633; x_wconf 84' lang='lat' dir='ltr'>duracina,</span> <span class='ocrx_word' id='word_1_165' title='bbox 734 2564 795 2620; x_wconf 88' lang='lat' dir='ltr'>sine</span> <span class='ocrx_word' id='word_1_166' title='bbox 811 2557 875 2618; x_wconf 84' lang='lat' dir='ltr'>ullis</span> <span class='ocrx_word' id='word_1_167' title='bbox 884 2568 925 2610; x_wconf 74' lang='lat' dir='ltr'>v2·</span> <span class='ocrx_word' id='word_1_168' title='bbox 956 2619 957 2624; x_wconf 73' lang='grc'>,</span> 
     </span>
    </p>
   </div>
   <div class='ocr_carea' id='block_1_7' title="bbox 254 2628 922 2704">
    <p class='ocr_par' dir='ltr' id='par_1_7' title="bbox 254 2628 922 2704">
     <span class='ocr_line' id='line_1_30' title="bbox 254 2628 922 2704; baseline -0.007 -6"><span class='ocrx_word' id='word_1_169' title='bbox 254 2640 294 2699; x_wconf 86' lang='lat' dir='ltr'>sis</span> <span class='ocrx_word' id='word_1_170' title='bbox 310 2640 340 2698; x_wconf 94' lang='lat' dir='ltr'>in</span> <span class='ocrx_word' id='word_1_171' title='bbox 361 2641 421 2699; x_wconf 89' lang='lat' dir='ltr'>vite</span> <span class='ocrx_word' id='word_1_172' title='bbox 442 2638 609 2701; x_wconf 86' lang='lat' dir='ltr'>servabilis:</span> <span class='ocrx_word' id='word_1_173' title='bbox 627 2658 704 2701; x_wconf 86' lang='lat' dir='ltr'>tanta</span> <span class='ocrx_word' id='word_1_174' title='bbox 719 2639 761 2704; x_wconf 87' lang='lat' dir='ltr'>est</span> <span class='ocrx_word' id='word_1_175' title='bbox 780 2628 922 2701; x_wconf 66' lang='lat' dir='ltr'>contrairi*</span> 
     </span>
    </p>
   </div>
   <div class='ocr_carea' id='block_1_8' title="bbox 206 2709 955 2926">
    <p class='ocr_par' dir='ltr' id='par_1_8' title="bbox 206 2707 956 2926">
     <span class='ocr_line' id='line_1_31' title="bbox 253 2709 920 2808; baseline 0 -31"><span class='ocrx_word' id='word_1_176' title='bbox 253 2738 345 2799; x_wconf 83' lang='lat' dir='ltr'>gera,</span> <span class='ocrx_word' id='word_1_177' title='bbox 363 2717 466 2794; x_wconf 83' lang='lat' dir='ltr'>aestus,</span> <span class='ocrx_word' id='word_1_178' title='bbox 481 2720 720 2804; x_wconf 84' lang='lat' dir='ltr'>tempestatesque</span> <span class='ocrx_word' id='word_1_179' title='bbox 730 2720 857 2781; x_wconf 82' lang='lat' dir='ltr'>firmitas.</span> <span class='ocrx_word' id='word_1_180' title='bbox 867 2709 920 2808; x_wconf 60' lang='lat' dir='ltr'>liei</span> 
     </span>
     <span class='ocr_line' id='line_1_32' title="bbox 206 2783 955 2926; baseline -0.001 -66"><span class='ocrx_word' id='word_1_181' title='bbox 206 2908 209 2912; x_wconf 18' lang='grc'>1</span> <span class='ocrx_word' id='word_1_182' title='bbox 250 2797 447 2881; x_wconf 77' lang='lat' dir='ltr'>orthampelos</span> <span class='ocrx_word' id='word_1_183' title='bbox 468 2801 578 2884; x_wconf 86' lang='lat' dir='ltr'>indiget</span> <span class='ocrx_word' id='word_1_184' title='bbox 598 2801 703 2865; x_wconf 87' lang='lat' dir='ltr'>arbore</span> <span class='ocrx_word' id='word_1_185' title='bbox 714 2819 762 2864; x_wconf 87' lang='lat' dir='ltr'>aut</span> <span class='ocrx_word' id='word_1_186' title='bbox 772 2800 858 2885; x_wconf 83' lang='lat' dir='ltr'>palis,</span> <span class='ocrx_word' id='word_1_187' title='bbox 870 2783 921 2926; x_wconf 51' lang='lat' dir='ltr'>mg</span> <span class='ocrx_word' id='word_1_188' title='bbox 954 2813 955 2836; x_wconf 64' lang='lat'>¹</span> 
     </span>
    </p>
   </div>
   <div class='ocr_carea' id='block_1_9' title="bbox 757 1749 965 1816">
    <p class='ocr_par' dir='ltr' id='par_1_9' title="bbox 757 1749 965 1816">
     <span class='ocr_line' id='line_1_33' title="bbox 757 1749 965 1816; baseline -0.038 -1"><span class='ocrx_word' id='word_1_189' title='bbox 757 1753 837 1816; x_wconf 78' lang='lat' dir='ltr'>utina</span> <span class='ocrx_word' id='word_1_190' title='bbox 849 1749 930 1814; x_wconf 83' lang='lat' dir='ltr'>Prusl·</span> <span class='ocrx_word' id='word_1_191' title='bbox 964 1762 965 1775; x_wconf 63' lang='lat'><em>*</em></span> 
     </span>
    </p>
   </div>
   <div class='ocr_carea' id='block_1_10' title="bbox 0 0 992 3575">
    <p class='ocr_par' dir='ltr' id='par_1_10' title="bbox 0 0 992 3575">
     <span class='ocr_line' id='line_1_34' title="bbox 0 0 992 3575; baseline 0 0"><span class='ocrx_word' id='word_1_192' title='bbox 0 0 992 3575; x_wconf 95' lang='lat' dir='ltr'> </span> 
     </span>
    </p>
   </div>
  </div>
 </body>
</html>
