1975 3575
212 235 508 309 Hrsron.Lib.
528 224 655 310 xvir(
697 260 765 339 295

92 354 195 433 serunt.
215 354 431 437 Plurimumque
446 358 476 416 in
499 376 537 418 eo
554 352 685 419 iocorum
713 379 767 419 na·

92 440 157 499 tura
175 436 275 517 pollet.
298 435 433 516 Namque
445 438 476 496 in
486 437 618 519 AEgypto
633 439 768 501 omnise-

93 533 158 577 runt
175 515 289 589 mense,
308 519 340 578 &
354 517 530 600 ubicumque
548 517 655 578 imbres
673 517 765 585 aestivi

90 618 154 659 non
173 596 255 671 sunt,
273 614 306 657 ut
325 600 354 657 in
370 595 452 658 Indiai
467 599 501 659 &
519 597 676 678 AEthiopii.
703 599 767 661 Ne·
834 593 836 605 '

93 676 204 739 cenario
230 676 296 760 post
323 678 385 738 haee
406 695 544 753 autumno
573 678 703 741 seruntur
726 701 769 742 ar·

52 815 56 825 ,
92 758 187 820 bores.
855 777 856 780 ’

134 837 207 921 Ergo
224 841 280 900 tria
300 856 432 920 tempora
452 839 555 905 eadem
584 841 770 923 germinatio-

90 920 152 991 nis,
168 940 236 990 ver,
251 921 284 981 &
295 918 403 993 Canis,
420 919 594 1002 maurique
602 939 693 983 ortus.
706 920 771 983 Ne-

91 1020 150 1080 que
165 1003 239 1062 enim
256 1001 421 1061 animalium
442 1003 555 1062 tantinm
573 999 614 1065 est
630 1000 666 1061 ad
677 1003 772 1065 coitus

91 1080 227 1153 aviditas,
240 1080 289 1141 sed
309 1080 402 1142 muitb
423 1077 517 1160 major
533 1079 574 1142 est
592 1100 676 1143 terrae
687 1102 721 1142 ac
733 1079 772 1141 sa·

89 1176 187 1222 torum
197 1163 328 1222 omnium
339 1160 445 1223 libido:
459 1161 516 1245 qui
527 1160 700 1244 tempestive
710 1163 770 1236 uti,

89 1240 245 1322 plurimum
255 1241 373 1306 interest
386 1240 706 1325 conceptus.1>eeuliare
716 1244 770 1303 uti·

86 1343 144 1404 que
172 1324 200 1383 in
223 1325 335 1396 insitis,
355 1325 422 1383 cum
444 1324 480 1385 sit
503 1340 602 1385 mutue
624 1322 769 1404 cupiditas

87 1405 232 1484 utrimque
249 1404 385 1465 coeundi.
406 1403 539 1485 Quipver
564 1404 711 1485 probant,
733 1402 771 1467 ab

87 1483 261 1566 aequinociio
282 1484 377 1545 statim
392 1485 562 1558 admittunt,
581 1485 772 1564 praedicantes
805 1533 809 1542 .

88 1567 219 1645 germina
242 1561 407 1644 parturire‚
424 1565 490 1626 ideo
509 1563 607 1627 faciles
627 1567 771 1627 corticum

89 1643 143 1708 esse
152 1645 333 1726 complexus.
344 1644 409 1726 Qui
420 1645 576 1728 praeferunt
582 1663 769 1718 autumnum,

88 1726 122 1786 ab
135 1725 256 1789 Arcturi
271 1745 359 1802 ortu,
374 1729 512 1811 quoniam
527 1724 620 1789 statim
641 1727 775 1792 radicem.
821 1800 822 1804 η

88 1808 244 1888 quamdam
260 1811 394 1891 capiant,
409 1810 442 1872 &
461 1808 498 1870 ad
520 1829 574 1870 ver
593 1825 691 1891 parata
715 1828 771 1870 ve·

88 1890 185 1966 uiant,
204 1906 292 1970 atque
310 1909 371 1950 non
387 1891 519 1969 protinus
531 1890 702 1972 germinatio
716 1910 769 1950 au·

85 1966 156 2032 ferat
171 1971 264 2033 vires.
285 1967 432 2049 Quaedam
443 1987 541 2030 tamen
550 1968 684 2031 statutum
693 1985 766 2030 tem·

88 2069 138 2129 pus
148 2051 218 2120 anni
232 2050 339 2110 habeut
345 2051 450 2131 ubique
460 2093 471 2122 ‚
481 2068 515 2109 ut
525 2052 615 2110 cerasi
625 2051 770 2145 &amyg-

87 2130 155 2193 dalae
169 2135 251 2193 circa
267 2130 415 2201 brumam,
431 2129 545 2192 serendi
556 2127 767 2196 velinserendt.

86 2207 134 2272 De
147 2210 283 2354 pluribus
300 2208 433 2269 locorum
449 2210 521 2269 situs
533 2208 644 2290 optime
660 2207 771 2288 judica·

85 2290 134 2353 bit.
174 2290 270 2374 rigida
289 2290 368 2350 enim
387 2288 420 2350 δι
436 2309 453 2348 a
473 2286 542 2350 oosa
559 2308 652 2349 verno
669 2285 771 2349 conse·

84 2374 108 2432 ri
127 2387 271 2455 oportet,
283 2372 359 2431 sicca
376 2372 409 2433 δι
429 2309 521 2432 εαἹὶἀε
541 2384 689 2429 autumno.
849 2378 852 2382 ’

121 2451 301 2515 Communis
320 2451 440 2533 quidem
459 2448 548 2512 Italiae
565 2450 640 2509 ratio
655 2465 770 2530 tempo·

86 2550 117 2590 ra
140 2535 277 2594 adhunc
298 2532 420 2595 modum
448 2529 613 2594 distribuit:
633 2549 719 2592 moro
734 2529 775 2591 ab,

85 2608 188 2675 Idibus
204 2614 363 2675 Februariis
372 2617 402 2676 in
412 2611 635 2696 aequinoffium,
646 2612 770 2693 piroau·

86 2705 240 2756 tumnum:
250 2696 328 2756 itaut
337 2695 469 2757 brunnam
479 2694 632 2838 Ἥζὰεηὶε
641 2736 651 2765 ,
661 2712 699 2751 ne
713 2692 771 2753 mi·

85 2773 159 2850 uis,
171 2774 275 2841 diebus
291 2776 474 2842 antecedant.
547 2770 724 2917 lisNaeiiivis,
736 2774 770 2840 &-

625 2875 657 2918 nv
