1975 3575
155 277 610 353 „HieromLinXVllL
660 234 731 377 413

73 383 224 478 ligantque:
241 398 271 457 in
288 396 403 459 arbusto
425 396 541 480 singulas
569 418 666 480 operae
688 422 734 461 ar·

71 473 148 536 bores
165 495 221 539 xv.
240 476 355 538 Eodem
365 479 423 539 hoc
435 496 568 559 tempore
582 480 733 541 hortorum

71 554 286 639 rosariorumque
309 579 377 618 cura
399 557 463 632 est,
493 579 557 640 quae
585 557 733 639 separatim

69 638 192 715 proximis
212 638 411 699 voluminibus
429 640 559 699 dicetur:
575 639 680 700 eodern
698 642 732 702 &

69 718 253 796 topiariorum.
282 717 368 779 Tunc
386 719 499 801 optime
518 718 634 780 scrobes
652 717 737 781 fiunn

68 791 736 883 Tenainfuturumproscindimr,Virgilioma·

67 877 132 937 xime
147 877 279 953 auiiore,
295 897 328 941 ut
344 881 443 961 glebas
464 878 518 940 Sol
535 896 651 962 coquat.
666 879 738 941 Uti·

67 955 120 1015 lior
130 956 286 1030 sententia,
299 981 364 1041 quas
384 982 444 1020 non
464 961 519 1018 nisi
540 971 734 1042 temperatum

67 1033 145 1117 solum
161 1042 190 1099 in
208 1040 311 1101 medio
322 1036 564 1118 vereararijubet
574 1062 581 1100 :
593 1043 733 1123 quoniam
787 1088 790 1095 ,

67 1117 199 1202 inpingui
219 1119 317 1181 statim
334 1118 425 1182 sulcos
449 1136 592 1202 occupant
618 1121 735 1192 herbae,

67 1200 285 1277 graciliinsecuti
296 1198 378 1261 aestus
388 1202 551 1262 exsiccant:
570 1217 633 1260 tum
650 1221 737 1269 narn-5

100 1299 115 1339 e
131 1279 245 1342 succum
263 1283 398 1342 venturis·
416 1279 570 1340 seminibus
589 1279 734 1342 auferunt.

90 1360 137 1420 alia
154 1380 295 1423 autumno
312 1362 416 1422 melius
434 1364 505 1420 atari
523 1376 635 1421 certum
659 1358 712 1422 est.

99 1438 169 1503 Cato
185 1463 278 1505 verna
299 1462 389 1524 opera
409 1443 449 1501 sic
470 1439 591 1502 definit:
608 1438 735 1503 Scrobes

67 1514 138 1594 fieri,
157 1520 305 1583 seminaria
323 1523 474 1605 propagari
493 1544 501 1583 :
521 1523 551 1581 in
566 1521 640 1583 locis
656 1542 736 1583 cras-

66 1599 97 1657 ³5⁸
113 1603 144 1663 δι
158 1603 285 1664 humidis
308 1604 421 1675 ulmos,
434 1600 523 1677 ficos,
537 1622 641 1683 poma,
653 1603 733 1663 oleas

64 1674 126 1743 feri:
145 1701 226 1766 prata
242 1682 392 1762 stercorari
415 1682 498 1743 Luni
518 1684 649 1753 sitiente,
667 1702 734 1765 quae

66 1760 134 1841 rigua
149 1780 326 1831 nonerunt:
345 1786 362 1825 a
376 1764 445 1826 flatu
459 1763 579 1827 Favonii
594 1762 732 1838 defendi,

48 1847 182 1924 purgari,
191 1845 295 1903 herbas
310 1846 396 1904 malas
410 1846 544 1906 radicitus
560 1847 642 1920 erui,
658 1844 733 1913 fictu

64 1919 243 2002 interpurgari
251 1966 262 1994 ‚
269 1922 424 1995 {seminaria
434 1923 513 1996 fieti,
524 1927 557 1986 δι’
567 1932 667 1985 vetera
675 1923 734 1984 sar-

63 2002 114 2062 ciri.
127 2001 202 2060 Haec
217 2017 369 2083 antequam
384 2005 471 2063 vinea
489 2004 593 2062 florere
604 2005 733 2086 incipiat.

63 2075 188 2164 Itemque
209 2081 274 2159 piro
295 2081 417 2142 florente
439 2102 517 2160 arare
535 2083 651 2161 incipiat
672 2103 734 2144 ma·

63 2165 104 2221 cra
138 2158 324 2241 arenosaque.
348 2158 450 2220 Postea
468 2164 511 2221 uti
526 2181 648 2241 quaeque
669 2182 736 2244 gra-

62 2243 174 2301 tissima
191 2243 225 2303 &
244 2241 448 2323 aquosissima‚
460 2242 500 2300 ita
514 2237 661 2320 postremo
672 2262 735 2301 ara·

62 2333 99 2380 to.
119 2322 195 2405 Ergo
217 2320 279 2381 haec
299 2323 390 2381 aratio
412 2320 463 2380 has
488 2319 605 2379 habebit
632 2340 734 2396 notas,

62 2397 164 2462 lentisci
191 2404 317 2482 primurn
341 2399 464 2461 fruoum
491 2398 683 2474 ostendentis,
699 2422 734 2462 ac

62 2482 110 2559 piri
138 2483 278 2542 florentis.
298 2481 360 2542 Erit
376 2484 409 2544 &
425 2482 510 2542 tertia
527 2483 558 2540 in
576 2479 733 2542 bulborum

63 2558 140 2636 saru‚'
150 2561 245 2624 sciilae.
257 2562 334 2624 Item
342 2563 372 2622 in
382 2576 654 2623 coronamentorum
669 2582 733 2623 nar·

56 2641 137 2714 pisti,
152 2664 278 2725 namque
299 2646 332 2706 &
347 2645 408 2704 haec
424 2660 469 2704 ter
485 2643 608 2715 florent,
625 2645 735 2724 primo-

45 2733 50 2745 ’
60 2740 113 2863 ape
122 2724 194 2783 flore
205 2726 326 2802 primam
333 2727 492 2786 arationem
499 2722 734 2799 ostendunt,'me·

59 2854 61 2858 ,
81 2801 107 2864 'o
124 2801 295 2882 secundam,
311 2806 396 2869 tertio
414 2806 625 2943 novissirnsarp,
644 2824 732 2888 quan,

580 2902 611 2966 up
