1975 3575
178 253 250 351 448
301 251 337 328 C.
359 241 542 328 Pt'rrrrr
564 247 759 330 Nrrun.

179 383 296 451 dentes,
315 394 363 439 aut
377 377 450 439 caelo
459 376 614 452 cadentes,
632 377 681 439 vel
693 378 724 437 in
733 375 870 440 vallibus*
966 439 967 446 ,

177 461 316 530 sidentes,
330 458 510 519 serenitatem
524 461 707 539 promittunt.

215 538 384 601 LXXXIV.
401 538 450 601 Ab
469 539 512 598 his
528 539 636 598 terreni
655 539 737 621 ignes
760 541 870 620 proxio'
967 521 968 562 ³

175 620 225 682 me
242 622 265 679 si
305 617 423 681 ificant:
443 618 541 700 pallidi
560 638 705 698 namque,
727 639 868 680 murmu·
968 697 969 700 Ἴ

174 718 257 761 rante
270 721 341 781 que,
357 697 560 781 tempestatum
576 700 666 759 nuntii
680 697 863 762 sentiuntur:

177 782 286 862 pluvia
304 782 390 841 etiam
408 782 438 839 in
456 779 579 840 lucernis
597 777 687 858 fungi.
708 776 869 841 Siflexuo·

178 862 211 923 sd
223 860 328 924 volitet
337 859 612 933 flamma,ventum.
628 858 664 919 Et
672 859 780 920 lumina
792 863 866 922 cum
969 919 970 938 ἶ

176 961 217 1002 ex
231 931 291 1002 sese
309 941 438 1001 flammas
452 939 576 1013 elidunt,
586 955 633 999 aut
641 940 694 1002 vix
701 940 867 1002 accendunss
969 971 970 980 ¹

178 1038 237 1082 tur.
265 1020 340 1082 Item
358 1025 425 1082 cum
444 1023 474 1081 in
494 1041 531 1082 eo
559 1020 720 1102 pendentes
743 1041 868 1082 coacer·
969 1017 970 1026 ¹

178 1119 286 1162 vantur
307 1100 449 1164 scintillae:
468 1101 517 1162 vel
538 1103 606 1161 cum
627 1100 797 1161 tollentibus
819 1102 868 1163 ol·
970 1133 971 1142 κ

178 1182 220 1242 las
237 1182 324 1243 carbo
348 1180 532 1242 adhaerescit:
554 1197 602 1240 aut
623 1183 690 1244 cum
711 1180 865 1243 comestus

178 1263 252 1344 ignis
270 1284 286 1338 e
305 1261 333 1323 se
352 1262 481 1323 favillam
500 1259 643 1334 discutit,
672 1259 868 1325 scintillamve

179 1345 303 1404 emittit:
314 1343 363 1404 vei
378 1346 445 1403 cirm
459 1343 530 1402 cinis
546 1344 575 1400 in
591 1341 660 1401 soco
679 1341 865 1418 concrescit,

180 1422 215 1486 &
235 1427 303 1484 ciam
318 1424 404 1483 ca'rho
421 1424 611 1484 vehementer
630 1423 772 1503 perlucet.
863 1455 868 1462 v

220 1503 371 1564 LXXXV.
400 1502 502 1565 Est&
523 1522 660 1584 aquarum
679 1502 870 1586 significatio.

162 1581 265 1644 'Mare
282 1587 305 1644 si
320 1583 507 1666 tranquillum
529 1585 559 1643 in
577 1591 663 1664 portu
684 1605 701 1643 a
717 1582 798 1644 cursu
808 1583 869 1644 sta·

179 1661 866 1743 bit,&murmuraveritintrase,ventumprae·

179 1744 259 1806 dicit.
279 1743 309 1806 Si
328 1746 519 1818 idemtidem,
543 1745 576 1807 δι
598 1745 741 1814 hiemem,
756 1745 864 1807 &im-

128 1878 131 1885 .
179 1823 273 1884 brem.
297 1824 395 1886 Litora
412 1828 540 1907 ripaeque
555 1828 579 1885 si
598 1824 768 1886 resonabunt
775 1841 861 1884 tran-

154 1976 157 1985 Ι
180 1904 293 1984 quino,
316 1903 443 1986 asperam
464 1904 684 1987 tempestatem:
709 1908 780 1966 item
797 1926 863 1966 ma·

180 1985 219 2044 ris
236 1986 246 2042 i
268 1986 325 2046 sius
338 1985 494 2068 tranquillo
508 1983 633 2061 sonitus,
649 1982 795 2067 spumave
807 1986 866 2046 dis-

180 2083 234 2146 per
246 2087 289 2138 ae,
301 2083 351 2126 aut
369 2087 451 2148 aquae
469 2065 619 2127 bullantes.
639 2065 867 2128 Pulmonesma·

180 2147 235 2207 rini
251 2147 280 2206 in
320 2147 423 2229 elego,
444 2147 570 2228 plurium
597 2147 865 2208 dierum-hiemem

180 2244 249 2309 port
307 2245 365 2289 unt.
389 2226 472 2312 Saepe
487 2227 650 2290 &silentio
677 2226 865 2303 intumescit,

181 2307 310 2390 flatuque
327 2309 410 2369 altius
421 2307 506 2369 solito
524 2305 583 2388 jam
599 2310 673 2369 intra
684 2305 712 2369 se
724 2306 866 2370 efferen-

181 2402 230 2449 tos
245 2388 359 2450 fatetur.

222 2467 389 2531 LXXXVI.
409 2468 552 2552 Equidem
569 2469 603 2533 &
615 2471 759 2531 montium
786 2467 868 2532 soni,

182 2563 250 2623 tus,
267 2569 476 2632 nemorumque
495 2552 620 2632 mugitus
661 2551 817 2611 raedicunt:
830 2552 868 2613 δι

184 2631 246 2690 sine
267 2630 350 2702 auri,
368 2651 432 2711 quae
450 2629 608 2705 sentiatur,
643 2631 701 2692 olia
723 2629 871 2695 ludentia

182 2705 301 2792 Lanugo
313 2711 432 2792 populi,
442 2726 490 2772 aut
505 2710 607 2793 spinae,
616 2710 741 2774 volitans
752 2731 762 2784 ;
773 2710 870 2793 aquis·

181 2806 241 2869 que
257 2792 357 2872 pluma
370 2793 509 2856 innatans.
529 2791 629 2876 Atque
642 2793 727 2855 etiam
741 2791 773 2852 in
783 2812 870 2864 eamq
