<?xml version="1.0" encoding="UTF-8"?>
<!DOCTYPE html PUBLIC "-//W3C//DTD XHTML 1.0 Transitional//EN"
    "http://www.w3.org/TR/xhtml1/DTD/xhtml1-transitional.dtd">
<html xmlns="http://www.w3.org/1999/xhtml" xml:lang="en" lang="en">
 <head>
  <title>
</title>
<meta http-equiv="Content-Type" content="text/html;charset=utf-8" />
  <meta name='ocr-system' content='tesseract 3.04.00' />
  <meta name='ocr-capabilities' content='ocr_page ocr_carea ocr_par ocr_line ocrx_word'/>
</head>
<body>
  <div class='ocr_page' id='page_1' title='image "./caiipliniisecun01goog_0405.png"; bbox 0 0 1975 3575; ppageno 0'>
   <div class='ocr_carea' id='block_1_1' title="bbox 94 243 763 395">
    <p class='ocr_par' dir='ltr' id='par_1_1' title="bbox 94 243 763 395">
     <span class='ocr_line' id='line_1_1' title="bbox 94 243 763 395; baseline 0.025 -33"><span class='ocrx_word' id='word_1_1' title='bbox 94 369 98 380; x_wconf 71' lang='grc'><em>,</em></span> <span class='ocrx_word' id='word_1_2' title='bbox 182 243 490 369; x_wconf 64' lang='lat' dir='ltr'>maroam.</span> <span class='ocrx_word' id='word_1_3' title='bbox 511 297 639 372; x_wconf 81' lang='lat' dir='ltr'>xvru.</span> <span class='ocrx_word' id='word_1_4' title='bbox 669 255 763 395; x_wconf 68' lang='lat'>«377</span> 
     </span>
    </p>
   </div>
   <div class='ocr_carea' id='block_1_2' title="bbox 83 414 778 2283">
    <p class='ocr_par' dir='ltr' id='par_1_2' title="bbox 83 414 778 2283">
     <span class='ocr_line' id='line_1_2' title="bbox 85 414 761 500; baseline 0.003 -20"><span class='ocrx_word' id='word_1_5' title='bbox 85 433 135 480; x_wconf 82' lang='lat' dir='ltr'>tur</span> <span class='ocrx_word' id='word_1_6' title='bbox 154 417 186 480; x_wconf 76' lang='lat' dir='ltr'>dr</span> <span class='ocrx_word' id='word_1_7' title='bbox 200 418 230 477; x_wconf 90' lang='lat' dir='ltr'>in</span> <span class='ocrx_word' id='word_1_8' title='bbox 249 414 354 499; x_wconf 66' lang='lat' dir='ltr'>Syria,</span> <span class='ocrx_word' id='word_1_9' title='bbox 373 414 553 500; x_wconf 71' lang='lat' dir='ltr'>ciliciique,</span> <span class='ocrx_word' id='word_1_10' title='bbox 571 418 643 482; x_wconf 84' lang='lat' dir='ltr'>&amp;in</span> <span class='ocrx_word' id='word_1_11' title='bbox 661 417 761 482; x_wconf 88' lang='lat' dir='ltr'>Toro-</span> 
     </span>
     <span class='ocr_line' id='line_1_3' title="bbox 86 497 646 560; baseline -0.004 0"><span class='ocrx_word' id='word_1_12' title='bbox 86 520 128 560; x_wconf 87' lang='lat' dir='ltr'>ne</span> <span class='ocrx_word' id='word_1_13' title='bbox 140 497 284 559; x_wconf 87' lang='lat' dir='ltr'>Chalcidis</span> <span class='ocrx_word' id='word_1_14' title='bbox 299 498 373 559; x_wconf 87' lang='lat' dir='ltr'>lacu.</span> <span class='ocrx_word' id='word_1_15' title='bbox 471 512 473 516; x_wconf 84' lang='lat'>&#39;</span> <span class='ocrx_word' id='word_1_16' title='bbox 643 509 646 514; x_wconf 84' lang='lat'>&#39;</span> 
     </span>
     <span class='ocr_line' id='line_1_4' title="bbox 129 578 759 662; baseline 0.002 -23"><span class='ocrx_word' id='word_1_17' title='bbox 129 578 237 640; x_wconf 90' lang='lat' dir='ltr'><strong>XXXl.</strong></span> <span class='ocrx_word' id='word_1_18' title='bbox 255 578 300 639; x_wconf 83' lang='lat' dir='ltr'>Ex</span> <span class='ocrx_word' id='word_1_19' title='bbox 323 579 513 662; x_wconf 84' lang='lat' dir='ltr'>leguminibus</span> <span class='ocrx_word' id='word_1_20' title='bbox 524 595 621 640; x_wconf 82' lang='lat' dir='ltr'>autem</span> <span class='ocrx_word' id='word_1_21' title='bbox 631 578 759 641; x_wconf 87' lang='lat' dir='ltr'>Novem·</span> 
     </span>
     <span class='ocr_line' id='line_1_5' title="bbox 87 657 764 741; baseline 0.004 -21"><span class='ocrx_word' id='word_1_22' title='bbox 87 660 135 720; x_wconf 86' lang='lat' dir='ltr'>bri</span> <span class='ocrx_word' id='word_1_23' title='bbox 157 658 288 720; x_wconf 88' lang='lat' dir='ltr'>seruntur</span> <span class='ocrx_word' id='word_1_24' title='bbox 313 661 394 732; x_wconf 86' lang='lat' dir='ltr'>lens,</span> <span class='ocrx_word' id='word_1_25' title='bbox 416 660 449 721; x_wconf 88' lang='lat'>&amp;</span> <span class='ocrx_word' id='word_1_26' title='bbox 468 662 497 720; x_wconf 89' lang='lat' dir='ltr'>in</span> <span class='ocrx_word' id='word_1_27' title='bbox 522 657 636 720; x_wconf 67' lang='lat' dir='ltr'>Graecid</span> <span class='ocrx_word' id='word_1_28' title='bbox 664 659 764 741; x_wconf 79' lang='lat' dir='ltr'>pisum.</span> 
     </span>
     <span class='ocr_line' id='line_1_6' title="bbox 87 736 764 823; baseline -0.004 -21"><span class='ocrx_word' id='word_1_29' title='bbox 87 740 161 802; x_wconf 80' lang='lat' dir='ltr'>Lens</span> <span class='ocrx_word' id='word_1_30' title='bbox 180 756 256 800; x_wconf 82' lang='lat' dir='ltr'>amat</span> <span class='ocrx_word' id='word_1_31' title='bbox 272 736 364 801; x_wconf 87' lang='lat' dir='ltr'>solum</span> <span class='ocrx_word' id='word_1_32' title='bbox 380 756 468 801; x_wconf 84' lang='lat' dir='ltr'>tenue</span> <span class='ocrx_word' id='word_1_33' title='bbox 480 742 587 823; x_wconf 85' lang='lat' dir='ltr'>magis,</span> <span class='ocrx_word' id='word_1_34' title='bbox 603 737 689 822; x_wconf 71' lang='lat' dir='ltr'>quim</span> <span class='ocrx_word' id='word_1_35' title='bbox 701 744 764 821; x_wconf 88' lang='lat' dir='ltr'>pin-</span> 
     </span>
     <span class='ocr_line' id='line_1_7' title="bbox 88 818 767 904; baseline 0 -24"><span class='ocrx_word' id='word_1_36' title='bbox 88 841 161 903; x_wconf 86' lang='lat' dir='ltr'>gue,</span> <span class='ocrx_word' id='word_1_37' title='bbox 177 820 280 881; x_wconf 86' lang='lat' dir='ltr'>caelum</span> <span class='ocrx_word' id='word_1_38' title='bbox 298 824 397 904; x_wconf 83' lang='lat' dir='ltr'>utique</span> <span class='ocrx_word' id='word_1_39' title='bbox 427 822 546 883; x_wconf 82' lang='lat' dir='ltr'>siccum.</span> <span class='ocrx_word' id='word_1_40' title='bbox 569 818 642 881; x_wconf 90' lang='lat' dir='ltr'>Duo</span> <span class='ocrx_word' id='word_1_41' title='bbox 660 840 767 903; x_wconf 83' lang='lat' dir='ltr'>genera</span> 
     </span>
     <span class='ocr_line' id='line_1_8' title="bbox 87 898 767 983; baseline -0.001 -22"><span class='ocrx_word' id='word_1_42' title='bbox 87 898 147 981; x_wconf 87' lang='lat' dir='ltr'>ejus</span> <span class='ocrx_word' id='word_1_43' title='bbox 158 904 188 976; x_wconf 89' lang='lat' dir='ltr'>in</span> <span class='ocrx_word' id='word_1_44' title='bbox 199 900 347 983; x_wconf 83' lang='lat' dir='ltr'>AEgypco:</span> <span class='ocrx_word' id='word_1_45' title='bbox 361 901 482 962; x_wconf 83' lang='lat' dir='ltr'>alterum</span> <span class='ocrx_word' id='word_1_46' title='bbox 490 901 641 963; x_wconf 82' lang='lat' dir='ltr'>rotundius</span> <span class='ocrx_word' id='word_1_47' title='bbox 652 899 767 983; x_wconf 79' lang='lat' dir='ltr'>nigrius·</span> 
     </span>
     <span class='ocr_line' id='line_1_9' title="bbox 89 978 768 1063; baseline 0 -21"><span class='ocrx_word' id='word_1_48' title='bbox 89 1002 164 1063; x_wconf 87' lang='lat' dir='ltr'>que,</span> <span class='ocrx_word' id='word_1_49' title='bbox 178 982 300 1042; x_wconf 83' lang='lat' dir='ltr'>alterum</span> <span class='ocrx_word' id='word_1_50' title='bbox 321 981 370 1042; x_wconf 71' lang='lat' dir='ltr'>sud</span> <span class='ocrx_word' id='word_1_51' title='bbox 389 978 489 1063; x_wconf 72' lang='lat' dir='ltr'>figuti.</span> <span class='ocrx_word' id='word_1_52' title='bbox 508 982 596 1042; x_wconf 83' lang='lat' dir='ltr'>Unde</span> <span class='ocrx_word' id='word_1_53' title='bbox 616 984 698 1042; x_wconf 83' lang='lat' dir='ltr'>vario</span> <span class='ocrx_word' id='word_1_54' title='bbox 715 979 768 1042; x_wconf 85' lang='lat' dir='ltr'>usu</span> 
     </span>
     <span class='ocr_line' id='line_1_10' title="bbox 86 1060 770 1128; baseline 0 -7"><span class='ocrx_word' id='word_1_55' title='bbox 86 1061 249 1128; x_wconf 82' lang='lat' dir='ltr'>transsatum</span> <span class='ocrx_word' id='word_1_56' title='bbox 268 1060 355 1122; x_wconf 87' lang='lat' dir='ltr'>estin</span> <span class='ocrx_word' id='word_1_57' title='bbox 373 1060 522 1124; x_wconf 80' lang='lat' dir='ltr'><strong>lenticulas</strong></span> <span class='ocrx_word' id='word_1_58' title='bbox 540 1081 659 1122; x_wconf 80' lang='lat' dir='ltr'>nornen.</span> <span class='ocrx_word' id='word_1_59' title='bbox 677 1061 770 1122; x_wconf 86' lang='lat' dir='ltr'>lnve·</span> 
     </span>
     <span class='ocr_line' id='line_1_11' title="bbox 85 1140 768 1284; baseline 0 0"><span class='ocrx_word' id='word_1_60' title='bbox 85 1140 768 1284; x_wconf 48' lang='grc' dir='ltr'>εἱεῗεέἕῐῗξυἰυῗᾶοῐῗιῗιῖιηᾶῗξῗὶξίἐξξῒεῖἓίῗὶθεῐί</span> 
     </span>
     <span class='ocr_line' id='line_1_12' title="bbox 85 1245 768 1387; baseline -0.001 -24"><span class='ocrx_word' id='word_1_61' title='bbox 85 1303 157 1373; x_wconf 86' lang='lat' dir='ltr'>bet,</span> <span class='ocrx_word' id='word_1_62' title='bbox 177 1302 317 1386; x_wconf 82' lang='lat' dir='ltr'>frigorum</span> <span class='ocrx_word' id='word_1_63' title='bbox 336 1245 629 1387; x_wconf 59' lang='lat' dir='ltr'>impatientissiinum.</span> <span class='ocrx_word' id='word_1_64' title='bbox 645 1301 718 1364; x_wconf 91' lang='lat' dir='ltr'>Ideo</span> <span class='ocrx_word' id='word_1_65' title='bbox 737 1304 768 1362; x_wconf 91' lang='lat' dir='ltr'>in</span> 
     </span>
     <span class='ocr_line' id='line_1_13' title="bbox 86 1382 770 1459; baseline -0.003 -15"><span class='ocrx_word' id='word_1_66' title='bbox 86 1382 185 1459; x_wconf 73' lang='lat' dir='ltr'>ltalia,</span> <span class='ocrx_word' id='word_1_67' title='bbox 205 1387 237 1447; x_wconf 92' lang='lat'><strong>&amp;</strong></span> <span class='ocrx_word' id='word_1_68' title='bbox 257 1388 286 1444; x_wconf 90' lang='lat' dir='ltr'>in</span> <span class='ocrx_word' id='word_1_69' title='bbox 304 1383 459 1446; x_wconf 86' lang='lat' dir='ltr'>austeriore</span> <span class='ocrx_word' id='word_1_70' title='bbox 474 1385 620 1445; x_wconf 71' lang='lat' dir='ltr'>caelo&#39;non</span> <span class='ocrx_word' id='word_1_71' title='bbox 638 1385 692 1444; x_wconf 84' lang='lat' dir='ltr'>nisi</span> <span class='ocrx_word' id='word_1_72' title='bbox 703 1404 770 1445; x_wconf 83' lang='lat' dir='ltr'>ver·</span> 
     </span>
     <span class='ocr_line' id='line_1_14' title="bbox 85 1463 667 1537; baseline -0.003 -11"><span class='ocrx_word' id='word_1_73' title='bbox 85 1486 127 1526; x_wconf 87' lang='lat' dir='ltr'>no</span> <span class='ocrx_word' id='word_1_74' title='bbox 147 1482 207 1525; x_wconf 83' lang='lat' dir='ltr'>tem</span> <span class='ocrx_word' id='word_1_75' title='bbox 230 1486 300 1537; x_wconf 87' lang='lat' dir='ltr'>ore,</span> <span class='ocrx_word' id='word_1_76' title='bbox 318 1467 394 1527; x_wconf 70' lang='lat' dir='ltr'>terri</span> <span class='ocrx_word' id='word_1_77' title='bbox 414 1465 490 1526; x_wconf 86' lang='lat' dir='ltr'>facili</span> <span class='ocrx_word' id='word_1_78' title='bbox 512 1486 555 1526; x_wconf 87' lang='lat' dir='ltr'>ac·</span> <span class='ocrx_word' id='word_1_79' title='bbox 567 1463 667 1525; x_wconf 73' lang='lat' dir='ltr'>soluti.</span> 
     </span>
     <span class='ocr_line' id='line_1_15' title="bbox 101 1544 762 1628; baseline 0 -23"><span class='ocrx_word' id='word_1_80' title='bbox 101 1563 104 1568; x_wconf 82' lang='grc'><em>·</em></span> <span class='ocrx_word' id='word_1_81' title='bbox 126 1545 186 1605; x_wconf 93' lang='lat' dir='ltr'>XX</span> <span class='ocrx_word' id='word_1_82' title='bbox 216 1544 254 1606; x_wconf 88' lang='lat' dir='ltr'>ll.</span> <span class='ocrx_word' id='word_1_83' title='bbox 275 1544 387 1606; x_wconf 84' lang='lat' dir='ltr'>Ciceris</span> <span class='ocrx_word' id='word_1_84' title='bbox 412 1554 511 1606; x_wconf 67' lang='lat' dir='ltr'>natura</span> <span class='ocrx_word' id='word_1_85' title='bbox 531 1544 573 1607; x_wconf 87' lang='lat' dir='ltr'>est</span> <span class='ocrx_word' id='word_1_86' title='bbox 594 1547 670 1628; x_wconf 82' lang='lat' dir='ltr'>gigni</span> <span class='ocrx_word' id='word_1_87' title='bbox 694 1564 762 1605; x_wconf 90' lang='lat' dir='ltr'>cum</span> 
     </span>
     <span class='ocr_line' id='line_1_16' title="bbox 84 1624 770 1708; baseline -0.003 -21"><span class='ocrx_word' id='word_1_88' title='bbox 84 1625 243 1708; x_wconf 79' lang='lat' dir='ltr'>salsilagine</span> <span class='ocrx_word' id='word_1_89' title='bbox 255 1649 263 1687; x_wconf 81' lang='lat' dir='ltr'>r</span> <span class='ocrx_word' id='word_1_90' title='bbox 275 1628 345 1687; x_wconf 89' lang='lat' dir='ltr'>ideo</span> <span class='ocrx_word' id='word_1_91' title='bbox 360 1625 451 1688; x_wconf 90' lang='lat' dir='ltr'>solum</span> <span class='ocrx_word' id='word_1_92' title='bbox 468 1627 535 1687; x_wconf 81' lang='lat' dir='ltr'>urit.</span> <span class='ocrx_word' id='word_1_93' title='bbox 559 1624 623 1687; x_wconf 91' lang='lat' dir='ltr'>Nec</span> <span class='ocrx_word' id='word_1_94' title='bbox 641 1627 695 1685; x_wconf 88' lang='lat' dir='ltr'>nisi</span> <span class='ocrx_word' id='word_1_95' title='bbox 708 1646 770 1685; x_wconf 89' lang='lat' dir='ltr'>ma·</span> 
     </span>
     <span class='ocr_line' id='line_1_17' title="bbox 85 1704 766 1791; baseline -0.003 -24"><span class='ocrx_word' id='word_1_96' title='bbox 85 1705 231 1767; x_wconf 72' lang='lat' dir='ltr'>defaclum</span> <span class='ocrx_word' id='word_1_97' title='bbox 254 1709 368 1791; x_wconf 88' lang='lat' dir='ltr'>pridie,</span> <span class='ocrx_word' id='word_1_98' title='bbox 388 1706 441 1768; x_wconf 87' lang='lat' dir='ltr'>seri</span> <span class='ocrx_word' id='word_1_99' title='bbox 466 1707 564 1768; x_wconf 85' lang='lat' dir='ltr'>debet.</span> <span class='ocrx_word' id='word_1_100' title='bbox 586 1704 766 1767; x_wconf 77' lang='lat' dir='ltr'>Differentiae</span> 
     </span>
     <span class='ocr_line' id='line_1_18' title="bbox 84 1784 771 1872; baseline -0.001 -23"><span class='ocrx_word' id='word_1_101' title='bbox 84 1789 202 1871; x_wconf 85' lang='lat' dir='ltr'>plures,</span> <span class='ocrx_word' id='word_1_102' title='bbox 217 1791 432 1871; x_wconf 82' lang='lat' dir='ltr'>magnitudine,</span> <span class='ocrx_word' id='word_1_103' title='bbox 455 1788 567 1872; x_wconf 73' lang='lat' dir='ltr'>figuti,</span> <span class='ocrx_word' id='word_1_104' title='bbox 590 1788 708 1861; x_wconf 88' lang='lat' dir='ltr'>colore,</span> <span class='ocrx_word' id='word_1_105' title='bbox 730 1784 771 1848; x_wconf 85' lang='lat' dir='ltr'>sa·</span> 
     </span>
     <span class='ocr_line' id='line_1_19' title="bbox 83 1867 769 1956; baseline -0.004 -25"><span class='ocrx_word' id='word_1_106' title='bbox 83 1889 171 1953; x_wconf 85' lang='lat' dir='ltr'>pore.</span> <span class='ocrx_word' id='word_1_107' title='bbox 191 1867 239 1929; x_wconf 87' lang='lat' dir='ltr'>Est</span> <span class='ocrx_word' id='word_1_108' title='bbox 257 1873 334 1930; x_wconf 90' lang='lat' dir='ltr'>enim</span> <span class='ocrx_word' id='word_1_109' title='bbox 354 1873 475 1932; x_wconf 86' lang='lat' dir='ltr'>arietino</span> <span class='ocrx_word' id='word_1_110' title='bbox 488 1872 575 1956; x_wconf 89' lang='lat' dir='ltr'>capiti</span> <span class='ocrx_word' id='word_1_111' title='bbox 590 1869 702 1943; x_wconf 86' lang='lat' dir='ltr'>simile,</span> <span class='ocrx_word' id='word_1_112' title='bbox 714 1889 769 1928; x_wconf 86' lang='lat' dir='ltr'>un·</span> 
     </span>
     <span class='ocr_line' id='line_1_20' title="bbox 83 1947 769 2088; baseline -0.006 -76"><span class='ocrx_word' id='word_1_113' title='bbox 83 1951 122 2012; x_wconf 89' lang='lat' dir='ltr'>de</span> <span class='ocrx_word' id='word_1_114' title='bbox 146 1952 186 2009; x_wconf 88' lang='lat' dir='ltr'>ita</span> <span class='ocrx_word' id='word_1_115' title='bbox 205 1949 372 2086; x_wconf 54' lang='lat' dir='ltr'>apssellant,</span> <span class='ocrx_word' id='word_1_116' title='bbox 395 1950 491 2010; x_wconf 88' lang='lat' dir='ltr'>album</span> <span class='ocrx_word' id='word_1_117' title='bbox 513 1954 693 2088; x_wconf 55' lang='lat' dir='ltr'>ninmmque&#39;</span> <span class='ocrx_word' id='word_1_118' title='bbox 717 1947 769 2009; x_wconf 84' lang='lat' dir='ltr'>Est</span> 
     </span>
     <span class='ocr_line' id='line_1_21' title="bbox 83 2028 778 2112; baseline 0 -23"><span class='ocrx_word' id='word_1_119' title='bbox 83 2034 117 2097; x_wconf 72' lang='grc' dir='ltr'>δι</span> <span class='ocrx_word' id='word_1_120' title='bbox 144 2028 245 2089; x_wconf 86' lang='lat' dir='ltr'>colum</span> <span class='ocrx_word' id='word_1_121' title='bbox 267 2031 363 2103; x_wconf 86' lang='lat' dir='ltr'>inum,</span> <span class='ocrx_word' id='word_1_122' title='bbox 381 2030 462 2112; x_wconf 83' lang='lat' dir='ltr'>quod</span> <span class='ocrx_word' id='word_1_123' title='bbox 480 2030 526 2089; x_wconf 84' lang='lat' dir='ltr'>alii</span> <span class='ocrx_word' id='word_1_124' title='bbox 578 2033 707 2090; x_wconf 85' lang='lat' dir='ltr'>enerium</span> <span class='ocrx_word' id='word_1_125' title='bbox 716 2050 778 2089; x_wconf 54' lang='lat' dir='ltr'>vom</span> 
     </span>
     <span class='ocr_line' id='line_1_22' title="bbox 84 2108 771 2183; baseline -0.007 -10"><span class='ocrx_word' id='word_1_126' title='bbox 84 2127 179 2183; x_wconf 73' lang='lat' dir='ltr'>cant,</span> <span class='ocrx_word' id='word_1_127' title='bbox 204 2108 375 2181; x_wconf 87' lang='lat' dir='ltr'>candidum,</span> <span class='ocrx_word' id='word_1_128' title='bbox 394 2111 570 2180; x_wconf 79' lang='lat' dir='ltr'>rotundum,</span> <span class='ocrx_word' id='word_1_129' title='bbox 598 2109 682 2178; x_wconf 86' lang='lat' dir='ltr'>leve,</span> <span class='ocrx_word' id='word_1_130' title='bbox 701 2110 771 2168; x_wconf 88' lang='lat' dir='ltr'>arie·</span> 
     </span>
     <span class='ocr_line' id='line_1_23' title="bbox 84 2187 772 2283; baseline -0.013 -29"><span class='ocrx_word' id='word_1_131' title='bbox 84 2197 153 2255; x_wconf 86' lang='lat' dir='ltr'>tino</span> <span class='ocrx_word' id='word_1_132' title='bbox 172 2192 284 2263; x_wconf 86' lang='lat' dir='ltr'>minus,</span> <span class='ocrx_word' id='word_1_133' title='bbox 301 2189 381 2283; x_wconf 73' lang='lat' dir='ltr'>quod</span> <span class='ocrx_word' id='word_1_134' title='bbox 399 2189 498 2270; x_wconf 85' lang='lat' dir='ltr'>religio</span> <span class='ocrx_word' id='word_1_135' title='bbox 516 2190 672 2283; x_wconf 75' lang='lat' dir='ltr'>pervigiliis</span> <span class='ocrx_word' id='word_1_136' title='bbox 693 2187 772 2247; x_wconf 88' lang='lat' dir='ltr'>adhi-</span> 
     </span>
    </p>
   </div>
   <div class='ocr_carea' id='block_1_3' title="bbox 84 2268 885 2338">
    <p class='ocr_par' dir='ltr' id='par_1_3' title="bbox 84 2268 885 2338">
     <span class='ocr_line' id='line_1_24' title="bbox 84 2268 885 2338; baseline -0.017 -4"><span class='ocrx_word' id='word_1_137' title='bbox 84 2273 151 2335; x_wconf 88' lang='lat' dir='ltr'><strong>bet.</strong></span> <span class='ocrx_word' id='word_1_138' title='bbox 172 2268 222 2332; x_wconf 82' lang='lat' dir='ltr'>Est</span> <span class='ocrx_word' id='word_1_139' title='bbox 243 2269 436 2332; x_wconf 77' lang='lat' dir='ltr'>&amp;cicercula</span> <span class='ocrx_word' id='word_1_140' title='bbox 457 2271 559 2327; x_wconf 80' lang='lat' dir='ltr'>minuti</span> <span class='ocrx_word' id='word_1_141' title='bbox 574 2288 690 2338; x_wconf 80' lang='lat' dir='ltr'>creeris,</span> <span class='ocrx_word' id='word_1_142' title='bbox 703 2268 789 2325; x_wconf 70' lang='lat' dir='ltr'>ime--</span> <span class='ocrx_word' id='word_1_143' title='bbox 881 2331 885 2337; x_wconf 27' lang='grc'>,</span> 
     </span>
    </p>
   </div>
   <div class='ocr_carea' id='block_1_4' title="bbox 87 2345 785 2756">
    <p class='ocr_par' dir='ltr' id='par_1_4' title="bbox 87 2345 785 2756">
     <span class='ocr_line' id='line_1_25' title="bbox 87 2345 779 2436; baseline -0.013 -23"><span class='ocrx_word' id='word_1_144' title='bbox 87 2353 203 2436; x_wconf 83' lang='lat' dir='ltr'>qualis,</span> <span class='ocrx_word' id='word_1_145' title='bbox 224 2350 374 2433; x_wconf 80' lang='lat' dir='ltr'>angulosi,</span> <span class='ocrx_word' id='word_1_146' title='bbox 391 2349 483 2409; x_wconf 83' lang='lat' dir='ltr'>veluti</span> <span class='ocrx_word' id='word_1_147' title='bbox 503 2345 604 2428; x_wconf 85' lang='lat' dir='ltr'>pisum.</span> <span class='ocrx_word' id='word_1_148' title='bbox 626 2347 779 2407; x_wconf 63' lang='lat' dir='ltr'>Dulcissia·</span> 
     </span>
     <span class='ocr_line' id='line_1_26' title="bbox 87 2428 782 2511; baseline -0.013 -17"><span class='ocrx_word' id='word_1_149' title='bbox 87 2454 173 2495; x_wconf 89' lang='lat' dir='ltr'>mum</span> <span class='ocrx_word' id='word_1_150' title='bbox 193 2449 290 2492; x_wconf 87' lang='lat' dir='ltr'>autem</span> <span class='ocrx_word' id='word_1_151' title='bbox 309 2431 359 2502; x_wconf 93' lang='lat' dir='ltr'>id,</span> <span class='ocrx_word' id='word_1_152' title='bbox 381 2429 461 2511; x_wconf 90' lang='lat' dir='ltr'>quod</span> <span class='ocrx_word' id='word_1_153' title='bbox 481 2448 555 2488; x_wconf 85' lang='lat' dir='ltr'>ervo</span> <span class='ocrx_word' id='word_1_154' title='bbox 572 2428 747 2487; x_wconf 84' lang='lat' dir='ltr'>simillimum</span> <span class='ocrx_word' id='word_1_155' title='bbox 761 2448 782 2486; x_wconf 84' lang='lat' dir='ltr'>r·</span> 
     </span>
     <span class='ocr_line' id='line_1_27' title="bbox 87 2506 773 2598; baseline -0.016 -21"><span class='ocrx_word' id='word_1_156' title='bbox 87 2512 258 2593; x_wconf 82' lang='lat' dir='ltr'>firmiusque</span> <span class='ocrx_word' id='word_1_157' title='bbox 278 2511 359 2595; x_wconf 89' lang='lat' dir='ltr'>quod</span> <span class='ocrx_word' id='word_1_158' title='bbox 378 2513 491 2598; x_wconf 85' lang='lat' dir='ltr'>nigrum</span> <span class='ocrx_word' id='word_1_159' title='bbox 510 2511 542 2575; x_wconf 75' lang='grc' dir='ltr'>δι</span> <span class='ocrx_word' id='word_1_160' title='bbox 563 2506 773 2590; x_wconf 72' lang='lat' dir='ltr'>rufum,quim</span> 
     </span>
     <span class='ocr_line' id='line_1_28' title="bbox 89 2594 781 2678; baseline -0.013 -22"><span class='ocrx_word' id='word_1_161' title='bbox 89 2594 300 2678; x_wconf 87' lang='lat' dir='ltr'>quodalbum.</span> <span class='ocrx_word' id='word_1_162' title='bbox 418 2620 467 2635; x_wconf 46' lang='lat'>2</span> <span class='ocrx_word' id='word_1_163' title='bbox 549 2598 608 2626; x_wconf 59' lang='lat'>&lt;&#39;</span> <span class='ocrx_word' id='word_1_164' title='bbox 709 2614 713 2621; x_wconf 69' lang='lat'><strong><em>¹</em></strong></span> <span class='ocrx_word' id='word_1_165' title='bbox 778 2622 781 2629; x_wconf 91' lang='lat'>·</span> 
     </span>
     <span class='ocr_line' id='line_1_29' title="bbox 103 2670 785 2756; baseline -0.01 -20"><span class='ocrx_word' id='word_1_166' title='bbox 103 2712 107 2721; x_wconf 87' lang='lat'><em>·</em></span> <span class='ocrx_word' id='word_1_167' title='bbox 133 2673 274 2735; x_wconf 90' lang='lat' dir='ltr'>XXXlll.</span> <span class='ocrx_word' id='word_1_168' title='bbox 295 2671 409 2756; x_wconf 82' lang='lat' dir='ltr'>Siliquae</span> <span class='ocrx_word' id='word_1_169' title='bbox 427 2670 559 2734; x_wconf 81' lang='lat' dir='ltr'>rotundae</span> <span class='ocrx_word' id='word_1_170' title='bbox 573 2670 659 2731; x_wconf 86' lang='lat' dir='ltr'>ciceri</span> <span class='ocrx_word' id='word_1_171' title='bbox 671 2716 679 2740; x_wconf 92' lang='lat'>,</span> <span class='ocrx_word' id='word_1_172' title='bbox 691 2682 785 2729; x_wconf 54' lang='lat' dir='ltr'>cete*</span> 
     </span>
    </p>
   </div>
   <div class='ocr_carea' id='block_1_5' title="bbox 90 2749 773 2919">
    <p class='ocr_par' dir='ltr' id='par_1_5' title="bbox 90 2749 773 2919">
     <span class='ocr_line' id='line_1_30' title="bbox 90 2749 773 2894; baseline -0.015 -76"><span class='ocrx_word' id='word_1_173' title='bbox 90 2758 131 2818; x_wconf 85' lang='lat' dir='ltr'>ris</span> <span class='ocrx_word' id='word_1_174' title='bbox 151 2755 327 2837; x_wconf 83' lang='lat' dir='ltr'>leguminum</span> <span class='ocrx_word' id='word_1_175' title='bbox 345 2750 458 2836; x_wconf 79' lang='lat' dir='ltr'>lungae,</span> <span class='ocrx_word' id='word_1_176' title='bbox 473 2754 507 2815; x_wconf 77' lang='grc' dir='ltr'>δι</span> <span class='ocrx_word' id='word_1_177' title='bbox 527 2751 564 2812; x_wconf 92' lang='lat' dir='ltr'>ad</span> <span class='ocrx_word' id='word_1_178' title='bbox 587 2749 707 2894; x_wconf 50' lang='grc' dir='ltr'>Ηξιιτειω</span> <span class='ocrx_word' id='word_1_179' title='bbox 729 2750 773 2809; x_wconf 66' lang='lat' dir='ltr'>sea</span> 
     </span>
     <span class='ocr_line' id='line_1_31' title="bbox 92 2830 773 2919; baseline -0.009 -19"><span class='ocrx_word' id='word_1_180' title='bbox 92 2838 180 2900; x_wconf 84' lang='lat' dir='ltr'>ruinis</span> <span class='ocrx_word' id='word_1_181' title='bbox 201 2836 287 2898; x_wconf 82' lang='lat' dir='ltr'>latae:</span> <span class='ocrx_word' id='word_1_182' title='bbox 312 2834 374 2918; x_wconf 87' lang='lat' dir='ltr'>piso</span> <span class='ocrx_word' id='word_1_183' title='bbox 393 2834 585 2919; x_wconf 82' lang='lat' dir='ltr'>cylindratae:</span> <span class='ocrx_word' id='word_1_184' title='bbox 614 2830 773 2896; x_wconf 83' lang='lat' dir='ltr'>aseolorurn</span> 
     </span>
    </p>
   </div>
   <div class='ocr_carea' id='block_1_6' title="bbox 0 0 994 3575">
    <p class='ocr_par' dir='ltr' id='par_1_6' title="bbox 0 0 994 3575">
     <span class='ocr_line' id='line_1_32' title="bbox 0 0 994 3575; baseline 0 0"><span class='ocrx_word' id='word_1_185' title='bbox 0 0 994 3575; x_wconf 95' lang='lat' dir='ltr'> </span> 
     </span>
    </p>
   </div>
  </div>
 </body>
</html>
