1975 3575
264 253 327 331 ¹92
378 234 615 306 ᾶΡιιΝιι
649 233 844 305 Narve.
953 184 954 279 i

255 352 344 417 rurad
351 352 438 413 cribri
446 353 571 423 minuta,
585 350 692 411 deinde
703 350 832 414 ferventi
845 351 928 435 aqud,
953 360 954 371 ¹

225 452 228 457 ⁴
255 436 352 496 donec
375 450 538 515 coquatur,
555 431 747 513 perfunditur.
772 431 870 512 Hujus
888 446 930 497 'ex-v

254 512 382 598 press‘um
400 517 525 596 pingue,
546 514 690 594 precipua
708 515 807 573 resina
828 512 877 586 fit,
893 531 929 572 ar·

254 616 313 678 que
333 616 413 668 rata,
431 616 485 654 nee
506 596 558 653 nisi
578 595 676 674 paucis
692 595 722 659 in
746 594 822 654 locis
839 592 929 654 subal·

254 678 331 758 pinae
349 675 455 747 Italiae,
474 676 650 734 conveniens
672 674 807 735 medicis.
825 674 928 735 Resiuae

254 756 328 818 albae
342 758 478 837 congium
497 757 527 814 iu
547 753 661 815 duobus
672 775 755 836 aquae
767 757 875 836 pluviae
885 774 929 813 co·

206 858 208 861 ’
239 855 358 920 ·quunt‚
377 837 436 897 Alii
455 834 561 895 utilius
580 852 681 915 purant
701 838 765 895 sine
786 835 861 918 aqud
887 855 928 894 co·

257 937 347 1000 quere
368 917 447 977 lento
473 918 541 998 igne
565 916 626 975 toti
651 915 721 987 die,
746 918 790 976 uti
813 937 850 975 ue
871 913 927 975 vase

258 1000 323 1060 aeris
341 998 405 1059 albi.
420 995 498 1057 'rem
516 995 738 1057 terebinthinam
753 999 784 1056 in
844 998 926 1076 tagine

257 1081 354 1140 cinere
376 1076 516 1150 ferventi,
530 1077 602 1135 hanc
622 1078 725 1137 ceteris
742 1075 926 1159 praeferentes.

256 1157 390 1220 Proxima
406 1177 443 1217 ex
460 1155 589 1217 lentisco.
644 1193 653 1198 -

260 1285 265 1299 r
298 1236 409 1299 XXIII.
424 1258 470 1298 η.
482 1236 513 1297 N
515 1259 554 1297 on
564 1237 761 1298 omittendum
772 1283 784 1314 ,
795 1232 924 1319 apudeos·

256 1318 329 1380 dem
346 1316 482 1400 zopissam
493 1321 594 1379 vocari
605 1318 734 1379 derasam
744 1321 865 1379 navibus
873 1337 924 1377 ma·

167 1460 168 1466 ,
258 1401 361 1479 ,ritimis
378 1402 473 1480 picem
491 1420 558 1459 cum
574 1400 660 1473 ceras,
679 1400 750 1459 nihil
762 1421 829 1463 ‘non
848 1417 923 1478 expe·

257 1478 350 1545 rieut‘e
361 1481 443 1554 vitai,
460 1478 553 1540 multo
565 1478 760 1540 efficaciorem
772 1482 811 1541 ad
820 1481 920 1550 omnia,

258 1561 363 1642 quibus
379 1564 458 1642 pices
469 1564 628 1642 resinaque
647 1559 785 1642 prosunt,
800 1557 921 1624 iidelieet

257 1640 372 1723 adjesio
395 1639 459 1701 salis
476 1641 560 1706 callo.

258 1770 261 1775 ⁴
298 1721 438 1802 Aperitur
453 1724 534 1803 picea
549 1742 565 1781 e
584 1739 664 1804 parte
680 1721 764 1782 solari
778 1744 856 1797 ‚non
870 1718 919 1803 pla·

256 1799 314 1883 ga,
331 1801 380 1861 sed
396 1802 516 1862 vulnere
540 1804 626 1864 ablati
647 1808 782 1876 corticis,
794 1809 858 1867 cum
886 1801 920 1860 lu·

256 1883 361 1942 timum
385 1882 512 1961 bipedali
541 1884 633 1956 hiatu,
649 1902 681 1944 ut
705 1907 722 1944 a
742 1887 820 1946 terri
887 1884 919 1940 'to

258 1962 326 2023 cum
338 1964 488 2023 minimum
508 1965 589 2025 absit.
606 1964 670 2025 Nec
686 1969 804 2048 corpori
814 1968 920 2047 ipsipar·

255 2043 348 2112 citur,
363 2059 395 2103 ut
408 2045 439 2104 in
454 2047 575 2116 ceteris,
588 2047 725 2127 quoniam
736 2045 833 2112 astula
841 2043 919 2106 iustu·

255 2120 303 2183 du
316 2121 368 2182 est.
387 2122 500 2184 Verium
523 2125 584 2185 haec
600 2145 682 2185 terrae
700 2131 831 2205 proxima
845 2122 919 2186 laudae

256 2219 322 2272 tur:
337 2202 423 2263 altior
432 2206 647 2265 amaritudinem
659 2206 762 2268 adfert.
774 2207 871 2269 Postea
879 2206 919 2264 hu·

258 2304 324 2346 mor
342 2287 436 2344 omnis
454 2307 471 2346 e
490 2288 552 2346 rotai
569 2287 689 2347 confluit
708 2290 738 2348 in
758 2289 918 2350 ulcustireu

257 2366 290 2427 in
299 2364 376 2425 redd.
396 2363 473 2425 Cum
486 2368 516 2428 id
528 2388 643 2427 manare
662 2367 766 2442 desiit,
778 2371 862 2430 simili
871 2384 920 2425 mo·

256 2444 299 2509 do
313 2446 417 2505 exalii
435 2464 514 2525 parre
533 2450 675 2527 aperitur,
699 2471 733 2510 ac
751 2449 855 2510 deinde
869 2444 919 2505 alis.

254 2522 359 2588 Postea
376 2541 437 2584 tota
453 2528 539 2588 arbor
557 2527 727 2598 succiditur,
756 2532 788 2590 &
813 2524 920 2590 medalu

257 2601 322 2682 ‚ejus
332 2605 430 2666 uritur.
451 2604 498 2667 Sic
518 2609 550 2669 ὅ(
566 2611 595 2667 in
606 2603 694 2688 Syriai
709 2611 872 2670 terebintho
880 2605 920 2666 de·

255 2684 373 2748 trahunt
401 2690 540 2762 cortices,
553 2689 593 2750 ibi
611 2688 731 2769 quidem
749 2692 817 2751 &e
835 2689 920 2754 ramis,

252 2782 290 2833 ac
313 2759 484 2847 radicibus,
502 2769 570 2831 cum
599 2771 705 2840 resina,
723 2770 875 2835 damnetur
886 2782 920 2908 lp

909 2863 918 2903 s
