1975 3575
218 244 287 342 348
338 244 819 316 cPtrnrrNArur.

215 366 329 437 cultus,
350 363 462 444 inquo
484 361 545 422 falli
567 361 720 444 plerosque
736 362 880 426 videns&

213 447 333 526 gnitiern
356 445 435 502 enirn
451 445 555 524 prioris
575 444 686 503 domini
706 464 759 524 pro
779 463 881 526 empto·

213 545 245 584 re
260 522 317 583 effe
327 525 509 584 arbitrantur.
526 523 606 583 Nihil
619 522 661 583 est
672 524 880 585 damnosiusde·

212 601 289 664 serto
309 623 392 685 agro.
411 603 511 684 Itaque
522 602 614 675 Cato,
626 624 644 657 <t
660 604 696 664 de
708 605 785 664 bono
795 605 880 665 dorni-

213 708 232 741 »
246 705 286 743 no
305 684 407 744 melius
428 687 499 756 erni,
516 704 570 743 nec
583 701 693 745 temere
708 703 879 745 contemnen-

214 789 234 821 κ
249 764 317 824 dam
337 764 456 823 alienam
471 762 649 843 disciplinam
667 787 675 825 ε
698 785 834 846 agroque,
850 780 877 822 nt

214 869 236 904 n
250 845 380 917 homini,
399 846 530 925 quamvis
548 842 722 924 quaestuosus
742 848 828 918 sit,si
843 861 877 902 ta·

215 950 236 985 n
249 945 317 985 rnen
335 926 368 986 &
391 922 591 1004 sumptuosus,
610 945 670 984 non
704 924 820 985 rn'ulturn
841 920 875 982 su·

216 1032 236 1067 n
251 1003 399 1086 Pereffen.
418 1003 471 1064 llle
491 1007 522 1063 in
540 1024 609 1144 aqro
629 1003 876 1086 quaestuosissnmtn
946 1052 947 1087 q

217 1084 325 1166 iudicat
343 1086 456 1148 vitem:
472 1105 537 1144 non
569 1083 674 1158 tustra,
693 1087 823 1167 quoniam
838 1103 876 1143 tn·
946 1090 947 1113 ¹

218 1185 253 1229 te
269 1167 367 1226 ornnia
379 1164 416 1224 de
437 1162 572 1244 impensae
589 1167 700 1226 ratione
722 1168 803 1226 cavit.
823 1162 875 1223 Pru

218 1248 296 1306 xime
319 1245 419 1306 hortos
438 1247 551 1327 riguos:
569 1265 623 1305 nec
641 1246 671 1305 id
688 1245 779 1317 falsb,
796 1246 818 1304 si
835 1242 874 1302 sub

219 1327 332 1408 oppido
347 1327 412 1386 sint.
430 1325 466 1384 Et
482 1342 563 1405 prata
581 1328 690 1407 antiqui
709 1343 799 1406 parata
813 1324 875 1384 dire·

219 1428 262 1473 re.
281 1405 421 1488 Idemque
432 1403 508 1465 Cato
526 1408 735 1488 interrogatus,
752 1408 811 1488 quis
820 1401 874 1464 edet

218 1489 394 1551 certissimus
433 1484 733 1566 uaestus,respondit,·
751 1484 874 1545 «Sibene
946 1484 947 1515 ³

217 1592 236 1633 n
251 1565 347 1648 pascas
365 1591 394 1626 u.
413 1509 494 1644 Quis
514 1567 688 1645 proximus?
709 1564 765 1626 usi
784 1564 872 1626 medio·

217 1671 236 1706 n
253 1650 339 1707 criter
360 1644 455 1727 pascas
464 1672 492 1706 n.
515 1645 633 1706 Summa
653 1650 780 1708 omniurn
794 1646 873 1705 inhoc

217 1724 372 1808 spetiando
388 1726 461 1801 fuit,
481 1743 513 1785 ut
532 1726 635 1788 studius
654 1730 679 1789 is
695 1728 812 1790 maxime
823 1744 874 1808 pro·

216 1808 353 1889 barerur,
375 1810 423 1885 qui
436 1807 523 1887 quiun
536 1811 656 1869 minimo
667 1810 810 1891 impendio
818 1826 873 1867 con·

217 1885 340 1946 staturus
364 1884 439 1947 effer.
462 1887 530 1948 Hoc
549 1910 585 1949 ex
603 1890 735 1951 locorum
745 1890 874 1951 occasione

218 1967 300 2026 aliter
321 1968 387 2026 alibi
410 1967 583 2029 decernitur.
612 1968 780 2052 Eodemque
803 1968 874 2050 perti·

217 2064 285 2118 net,
295 2047 374 2127 qubd
385 2070 429 2107 «a
450 2050 568 2110 ricoiarn
575 2050 736 2112 vendacem
747 2048 797 2110 effe
806 2065 875 2129 opor·

217 2154 238 2188 n
252 2145 313 2187 tere
328 2129 406 2188 dixit.
443 2130 552 2189 undum
569 2131 599 2188 in
618 2130 803 2192 adolescenti&
818 2145 875 2188 con·

218 2207 400 2270 „serendum
417 2211 477 2269 sine
491 2210 672 2280 cundatiune
678 2256 690 2284 ,
699 2208 875 2274 aedificandum

217 2314 238 2347 π
252 2310 312 2349 non
329 2292 384 2352 nisi
405 2293 596 2374 consitoagto
606 2315 613 2353 :
624 2311 691 2353 tunc
700 2311 809 2374 quoque
819 2306 875 2348 cun·

217 2396 239 2429 n
252 2369 401 2431 dientem:
417 2374 618 2454 optimumque
631 2372 671 2433 est
679 2372 734 2512 qur
748 2371 829 2453 vulgi>
842 2366 877 2426 di·

218 2470 289 2510 xete
299 2450 313 2532 )
325 2472 342 2504 u
354 2451 447 2511 alieni
455 2451 558 2511 insania
571 2452 625 2515 frui
633 2479 670 2526 n,
692 2455 729 2514 ed
738 2457 784 2526 ita,
795 2469 823 2511 ut
832 2444 875 2509 vil·

218 2531 310 2591 larum
326 2532 415 2591 tutela
434 2553 493 2592 non
513 2534 549 2593 tit
569 2536 660 2593 oneri.
674 2555 692 2590 rr
712 2534 783 2594 Eum
797 2544 876 2592 tamen

218 2611 237 2668 »5
252 2614 302 2691 qui
326 2610 400 2672 bene
429 2611 561 2686 habitet,
580 2613 679 2695 saepius
704 2617 836 2676 ventitare
852 2608 877 2664 in

217 2716 237 2758 η
255 2711 377 2772 agrurn:
397 2690 579 2774 frontemque
608 2696 719 2755 domini
740 2696 803 2776 pius
819 2706 877 2771 pro·

217 2793 237 2829 n
252 2770 327 2835 dene
339 2771 425 2854 quim
436 2775 631 2858 occipitium-n
642 2776 876 2842 ndumentimrtssf·
