1975 3575
204 279 252 357 38
303 288 540 368 GParnrr
567 304 756 377 Narona

242 403 368 469 XXVII.
403 430 449 492 13.
481 414 611 500 ingentia
632 426 769 508 exempla
792 428 890 493 contra

203 481 344 548 Varronis
361 489 530 558 sententiam
553 500 589 561 de
611 502 715 566 chartis
734 514 894 590 reperiune

200 577 258 626 tur.
291 567 426 653 Namque
446 573 564 640 Cassius
586 582 731 661 Hemina,
751 591 890 653 vetustis-

201 643 290 706 simus
308 651 406 713 audior
415 653 589 736 Annalium,
605 683 708 747 quarto
732 690 840 748 eorum
854 674 887 733 li·

200 724 255 787 bro
269 732 405 809 prodidit,
416 734 646 805 Cn.Te·rentium
656 746 779 811 scribam
788 773 887 835 agrum

196 802 280 868 suum
296 813 325 871 in
344 811 473 879 Janiculo
485 842 517 881 re
539 822 728 903 affluentem,
749 831 887 895 offendis·

197 883 229 946 se
246 910 358 967 arcam,
376 897 406 956 in
446 899 482 959 ui
532 925 617 978 urna,
676 911 685 969 i
709 910 819 975 Rotnae
841 935 886 975 re·

197 972 318 1048 gnavit‚
336 976 405 1037 situs
421 918 526 1045 driffet.
547 984 580 1046 ln
599 930 702 1049 eaddm
717 992 812 1055 libros
823 993 883 1075 ejus

197 1066 329 1127 repertos
349 1052 379 1116 P.
401 1057 544 1125 Cornelio
562 1066 595 1127 L.
616 1068 647 1131 F.
666 1069 880 1156 Cethego‚M.

195 1124 296 1192 Baebio
322 1131 365 1213 Q.
384 1135 417 1198 F.
447 1138 596 1223 Pamphilo
616 1147 684 1211 cois.
706 1153 745 1213 ad
776 1177 883 1237 quosa

195 1226 288 1289 regno
312 1211 417 1277 Nunrae
439 1222 611 1306 colliguntur
622 1232 687 1290 anni
699 1250 834 1298 nxxxv.
849 1238 879 1298 &

194 1285 251 1349 hos
271 1289 352 1355 fuiffe
375 1317 392 1358 e
411 1299 646 1387 chartairmajore
656 1312 817 1377 etiamnum
827 1319 899 1377 rni-⁴

193 1372 312 1448 raculo,
335 1379 414 1457 quod
434 1399 479 1444 tot
502 1386 604 1448 infossi
627 1391 805 1458 duraverunt
832 1419 893 1468 aur

193 1451 258 1511 nis:
278 1475 454 1539 quapropter
473 1465 503 1522 in
523 1487 554 1526 re
575 1472 653 1532 tanti
673 1475 765 1555 ipsius
776 1479 888 1548 Hemi-=

192 1549 238 1589 nae
254 1534 345 1595 verba
364 1557 479 1615 ponam.
498 1565 516 1598 u
535 1546 713 1614 Mirabantur
731 1558 797 1634 alii,
810 1580 879 1642 quo·

191 1633 211 1668 n
226 1612 317 1674 modo
337 1616 378 1676 illi
398 1619 462 1680 libri
481 1624 583 1690 durare
594 1633 750 1711 potuiffent
762 1662 769 1700 ε
783 1640 831 1701 ille
840 1642 877 1699 ita

191 1713 212 1748 n
227 1693 369 1755 rationem
388 1700 547 1769 reddebat:
564 1709 705 1793 Lapidem
715 1716 798 1781 fuine
811 1742 876 1804 qua·

190 1792 210 1827 n
225 1770 339 1834 dratunr
359 1779 471 1843 circiter
490 1789 519 1845 in
537 1794 633 1854 medii
655 1800 719 1859 arci
746 1802 874 1869 vindam

191 1854 354 1915 »candelis
373 1870 599 1946 quoquoversus.
623 1874 656 1935 ln
678 1898 715 1939 eo
726 1880 824 1964 lapide
834 1886 873 1942 in·

189 1954 211 2004 n
224 1929 307 2012 super
326 1937 414 2002 libros
437 1947 588 2028 impositos
600 1954 699 2020 fuiffe:
717 1982 872 2045 propterea

166 2033 208 2076 ,u
223 2014 351 2077 arbitrari
381 2043 432 2084 eos
455 2048 516 2089 non
539 2040 750 2118 computruiffe.
776 2045 814 2106 Et
836 2046 872 2105 li-

188 2116 207 2171 n
224 2092 293 2155 bros
312 2100 427 2165 citratos
448 2106 546 2172 fuisse:
567 2134 723 2199 propterea
751 2127 870 2187 arbitra·

185 2195 205 2230 n
220 2175 276 2235 rier
305 2179 394 2243 tineas
426 2207 486 2248 non
514 2195 655 2278 tetigisse..
676 2201 710 2262 In
728 2203 772 2265 his
794 2206 878 2273 libris.

187 2277 207 2312 n
223 2252 275 2316 scri
297 2273 325 2319 ta
347 2282 427 2327 erant
446 2270 636 2358 philosophiae
655 2280 865 2367 Pythagoricae.

186 2357 206 2392 n
221 2279 334 2421 Eoddue
355 2348 523 2413 combustos
544 2377 561 2415 a
581 2357 624 2438 Q.
641 2358 743 2424 Petilio
760 2386 867 2448 praeto·

182 2435 202 2470 n
220 2435 270 2490 re,
293 2425 360 2503 quia
386 2429 577 2513 philosophiae
604 2437 705 2522 scripta
737 2447 864 2509 effentn.

182 2490 252 2556 Hoc
274 2501 353 2563 idem
371 2508 457 2569 tradit
477 2513 511 2575 L.
530 2513 593 2578 Piso
612 2523 757 2587 censorius
769 2531 863 2609 primo

181 2588 473 2650 commentariorum:
487 2613 506 2647 u
524 2592 582 2657 Sed
596 2598 684 2664 libros
696 2604 805 2687 septeni
819 2607 863 2686 ju·

182 2675 202 2711 n
222 2659 258 2717 ris
260 2664 438 2798 ssyondfirfi,
458 2675 640 2761 totidemque
654 2682 861 2769 Pythagoricos

181 2756 201 2791 n
219 2733 258 2795 fui
282 2760 346 2807 en:
359 2745 520 2814 Tuditanus
532 2763 753 2842 tertiodecimo,
772 2768 861 2827 “Nu-

180 2835 200 2874 n
218 2835 273 2880 tnae
291 2821 474 2917 decretorum
486 2833 567 2901 fuisse
579 2865 597 2900 n
610 2863 617 2904 ε
629 2844 688 2927 ipse
698 2846 792 2914 Varro
801 2848 860 2912 Hu·
