1975 3575
231 304 302 382 322
351 279 387 350 c.
412 278 589 349 Prrrrrr
612 226 799 353 Nurur.

230 401 312 482 Quid
327 396 417 480 ergo?
428 417 488 458 non
499 397 533 459 bt
542 397 615 458 vites
625 396 724 479 algore
740 398 889 461 intereunti

228 484 295 546 Hoc
314 480 436 561 quidem
454 476 515 550 est,
532 498 591 559 quo
614 477 839 559 deprehendatur
852 480 890 541 lo·

227 564 249 624 li
267 563 392 632 vitium,
409 559 549 641 queniam
565 578 626 618 non
645 561 744 619 evenit
756 562 807 620 nisi
817 563 843 625 iu
853 559 889 620 fri·

247 643 306 703 'du
324 640 426 722 ltaque
480 660 494 697 r
511 639 623 699 hiemes
630 638 694 698 culi
703 641 823 722 rigorem
832 661 891 722 pru·

249 742 420 793 amus‚non
449 719 499 780 oli.
520 716 585 778 Nec
607 717 805 780 infirmissimae
820 720 891 783 arbo·

228 825 277 866 res
295 802 360 885 gelu
377 800 592 883 periclitantur,
604 796 891 864 fedmarimae:vexa·

228 883 321 966 tilque
330 886 369 943 ita
382 882 531 942 cacumina
541 881 635 961 prima
652 879 820 954 inarescunt,
830 903 890 964 quo·

229 969 310 1031 mam
329 960 499 1046 praellriiius
518 959 585 1044 gelu
604 980 666 1022 neu
683 964 778 1042 potuit
795 964 889 1044 ebpen

227 1048 333 1116 xenire
348 1044 464 1104 humor.
491 1062 494 1067 ·

270 1124 420 1188 Arborum
447 1122 564 1205 quidam
593 1143 766 1186 communes
794 1122 888 1198 morbi,
959 1174 960 1193 ,

197 1286 200 1291 Ι
231 1206 351 1291 quidam
370 1205 475 1286 privati
497 1224 646 1286 generum.
659 1201 826 1266 Communis
834 1223 889 1264 rer·

232 1287 381 1348 articulatio
401 1283 462 1358 est,
482 1286 637 1359 sideratio,
654 1306 687 1345 ac
715 1286 797 1346 dolor
811 1303 889 1344 ntem-

231 1369 372 1436 brorum,
392 1366 468 1427 unde
480 1368 601 1447 partium
618 1365 764 1428 debilitas:
775 1364 890 1426 societate

231 1450 384 1508 nominum
399 1467 517 1528 quoque
538 1466 604 1509 curn
626 1445 753 1507 hominis
777 1444 889 1505 miseriis.
959 1502 960 1511 ,

230 1527 347 1596 Trunca
366 1527 486 1587 dicimus
506 1526 585 1587 certe
608 1546 754 1608 corpora,
776 1527 806 1587 d(
821 1543 888 1584 ocu·

230 1609 276 1671 los
300 1608 462 1692 germinum
476 1605 607 1679 exustos,
621 1629 654 1667 ac
664 1603 890 1669 multesimilisor·

229 1706 271 1753 te.
289 1688 389 1770 Itaque
407 1687 536 1751 laborant
552 1688 586 1750 δι
600 1686 695 1761 lame,
707 1687 891 1757 uendere,

230 1791 295 1851 quae
313 1767 386 1829 liunt
404 1768 534 1830 humoris
553 1770 720 1851 quantitate.
733 1768 839 1851 Aliqua
846 1785 890 1827 ve·

229 1946 315 2004 runt,
327 1929 416 1988 nimii
426 1930 624 2011 pinguitudine
641 1931 672 1989 in
691 1930 789 1997 tedam
801 1943 891 1996 mutatu

178 2051 181 2060 ι
228 2026 291 2071 rur:
305 2010 338 2072 δι
357 2011 423 2072 clun
447 2011 557 2072 radices
584 2030 703 2093 quoque
724 2007 891 2093 pinguescere

229 2095 369 2173 erupere,
387 2092 548 2163 intereunt,
567 2108 599 2152 ut
626 2093 760 2152 animalia
776 2136 790 2165 ,
816 2089 894 2150 nimio

228 2173 314 2255 adipe
324 2195 332 2235 z
342 2171 494 2254 aliquando
506 2174 538 2235 dr
549 2170 711 2252 pestilenti&
723 2193 776 2254 per
786 2189 894 2255 genera,

230 2256 306 2318 sicut
320 2256 393 2316 inter
412 2253 545 2316 homiues
554 2297 565 2327 ‚
581 2272 658 2313 nunc
678 2251 810 2325 servitia,
827 2268 893 2312 uuna

229 2335 314 2417 plebs
334 2335 461 2406 urbana,
479 2334 529 2394 vel
548 2332 660 2395 rustica.

268 2413 599 2496 Vermiculanturmagis
617 2412 748 2476 minusve
760 2411 895 2497 quaedam,

230 2517 333 2557 omues
349 2514 445 2557 tamen
463 2496 545 2559 fere:
561 2495 590 2556 id
631 2515 729 2555 eaves
744 2497 808 2557 cavi
818 2493 894 2554 corti·

227 2579 272 2637 cis
290 2575 361 2637 sono
381 2578 575 2656 experiuntur.
605 2596 651 2637 ant
666 2575 785 2657 quidem
802 2576 832 2637 ἃ
845 2573 895 2632 lroe

227 2658 259 2722 in
278 2656 389 2718 luxurii
405 2654 462 2717 elle
482 2658 592 2739 coepit:
611 2654 843 2795 pregrandespue
856 2672 895 2714 ro·

225 2736 331 2799 borum
342 2738 512 2799 delicatiore
531 2735 592 2799 sunt
610 2739 640 2797 in
653 2736 739 2800 cibo:
751 2758 788 2798 co
809 2756 841 2796 es
848 2752 895 2796 ve·

228 2825 313 2928 cant
333 2834 419 2906 atque
439 2820 524 2882 etiam
541 2815 631 2913 larini
647 2816 781 2901 ssssissefis
792 2816 822 2884 hl
832 2832 896 2898 (Μ’

229 1852 263 1909 rb
283 1850 315 1910 ὅ(
333 1849 474 1909 obesitate
486 1872 493 1910 ε
506 1867 539 1911 ut
547 1852 646 1910 omnia
655 1872 720 1931 que
730 1852 844 1916 resinam
851 1844 889 1906 le·
952 1829 960 1906 l
