1975 3575
230 213 311 331 '349
359 223 394 293 C.
414 222 615 294 ΡιιΝιι
640 226 711 294 NA
729 238 840 295 Tute

239 345 308 402 dum
326 338 355 400 se
372 361 533 423 preparare
553 341 705 403 animalia:
724 342 803 422 quod
820 361 902 405 tamen

223 434 342 482 'eorum
363 422 420 500 tela
435 421 500 493 sua,
524 442 593 482 exce
616 440 647 482 to
664 423 801 495 homine,
823 445 902 485 vene·

238 503 283 561 nis
302 502 429 582 tinguit?
449 501 514 562 Nos
535 503 567 563 &
585 443 901 584 ggittastinguimusflc

236 580 318 642 ferro
337 584 393 662 ipsi
415 583 697 664 nocentius-aliquid
718 582 824 644 damus.
848 584 900 644 Nos

238 663 274 724 &
294 663 412 722 flumina
438 659 601 736 inficimus,
625 663 659 723 &
688 683 784 722 rerum
810 681 899 723 nature

238 744 393 803 elementa.
412 741 509 824 Ipsum
529 764 647 825 quoque
660 764 720 825 quo
736 746 853 818 vivitur,
863 764 899 803 ae·

239 844 303 884 rem
324 824 353 881 in
373 824 532 903 perniciem
544 826 693 884 vertimus.
712 821 815 904 Neque
830 821 899 885 estut

239 916 376 986 putemus
398 905 525 984 ignor-tri
548 924 583 963 ea
601 903 637 967 ab
648 904 832 964 animalibus:
845 910 897 983 que

239 1002 433 1068 prepararent
451 988 552 1044 contra
570 982 744 1066 serpentium
762 984 898 1044 dimicatio·

238 1084 309 1139 nes,
327 1086 392 1147 que
411 1061 475 1146 post
485 1064 619 1146 proelium
634 1066 673 1124 ad
683 1065 849 1126 medendum
859 1083 898 1123 ex·
920 1134 923 1138 ,

238 1147 413 1227 cogitarent,
426 1144 627 1206 indicavimus.
638 1143 669 1204 N
670 1165 703 1205 ec
719 1146 755 1205 ab
764 1146 821 1206 ullo
835 1165 897 1224 pre·

214 1260 216 1265 x
239 1242 285 1286 ter
310 1225 479 1297 hominem,
502 1242 620 1288 veneno
646 1242 788 1307 pugnatur
808 1226 896 1289 aliem.

238 1305 392 1368 Fatearnur
414 1325 485 1388 ergo
502 1304 632 1388 culpam,
649 1326 687 1366 ne
705 1305 751 1366 his
775 1305 898 1388 quidem,

241 1408 307 1468 quae
326 1385 494 1458 nascuntur,
515 1387 662 1448 contenti:
681 1389 788 1448 etenim
805 1388 896 1468 quantu

238 1468 324 1548 plura
341 1487 442 1526 eorum
459 1486 562 1547 genera
582 1466 707 1527 humani
719 1489 801 1527 manu
819 1464 896 1526 finnt

239 1545 325 1625 Qtu'n
341 1547 374 1612 &
390 1547 523 1608 homines
539 1548 658 1628 quidem
677 1566 709 1608 ut
720 1568 825 1608 venena
842 1542 896 1604 uas·

239 1645 352 1688 cuntur.
364 1625 438 1687 Atra
447 1648 501 1688 ceu
516 1626 689 1707 serpentium
698 1629 791 1710 lingua
801 1627 895 1693 vibrat,

239 1706 376 1786 tabesque
397 1709 485 1769 animi
517 1707 646 1769 centeiia
664 1709 778 1783 adurit,
794 1707 897 1789 culpan·

238 1789 313 1846 tium
323 1789 441 1860 omnia,
460 1809 494 1848 ac
504 1789 629 1850 dirarum
645 1789 749 1852 tlirum
758 1790 895 1859 m0d0,te·

237 1857 336 1928 nebris
362 1888 479 1949 quoque
496 1868 569 1943 suis,
593 1872 625 1932 &
645 1869 768 1951 ipsarum
785 1868 895 1931 nostium

237 1948 329 2029 quieti
345 1949 553 2020 invidentium,
569 1952 699 2031 gemitu,
714 1949 896 2033 quaesolavox

216 2087 220 2095 ,
239 2049 344 2094 eorum
363 2027 467 2090 estz'ut
477 2028 712 2110 inauspicatarum
728 2031 897 2092 animantium

238 2113 303 2170 vice
323 2107 405 2170 obvii
422 2174 424 2186 ι
443 2130 540 2191 unque
555 2126 656 2173 vetent
674 2128 897 2193 agere‚aurpto·

237 2189 318 2251 desse
328 2192 413 2251 vitre.
423 2131 494 2252 iiec
506 2190 596 2254 ullum
609 2191 693 2252 aliud
699 2193 848 2259 abomitrati
855 2187 897 2270 spi·

238 2272 310 2333 titiis
331 2272 485 2351 praemium
499 2292 627 2345 novere,
661 2271 729 2336 uim
746 2270 832 2334 odisse
841 2290 898 2331 om·

238 2354 296 2413 nia.
316 2350 429 2413 Verum
443 2352 474 2414 &
491 2352 521 2413 in
538 2352 595 2416 hoc
610 2292 716 2416 eussem
734 2370 836 2416 naturae
844 2370 898 2411 nu·

237 2429 323 2515 jestas
335 2475 352 2504 ‚.
362 2432 443 2491 tantb
459 2431 668 2512 pluresuonos
687 2435 786 2515 genuit
801 2455 833 2494 ac
848 2429 898 2491 fru-

239 2517 288 2597 gi,
307 2514 414 2593 quantb
424 2509 545 2572 fertilior
554 2514 584 2574 in
593 2515 628 2576 iis
638 2534 702 2595 quae
710 2512 809 2592 juvent
817 2513 898 2576 alunt·

240 2614 297 2674 que
307 2630 323 2668 ‚-
339 2611 463 2674 quorum
482 2590 670 2656 aestima'tione
685 2596 718 2657 &
736 2594 838 2676 gaudio
853 2610 898 2651 noe

239 2694 357 2755 quoque
375 2671 476 2746 reliffis
497 2673 640 2736 exustioni
656 2674 714 2735 suae
731 2674 791 2738 istis
816 2673 900 2737 honi·

163 2813 166 2818 .
237 2771 309 2819 num
324 2753 421 2830 rubis,
430 2772 583 2837 pergemus
598 2755 734 2820 excolere
744 2748 901 2822 vitamne·
