<?xml version="1.0" encoding="UTF-8"?>
<!DOCTYPE html PUBLIC "-//W3C//DTD XHTML 1.0 Transitional//EN"
    "http://www.w3.org/TR/xhtml1/DTD/xhtml1-transitional.dtd">
<html xmlns="http://www.w3.org/1999/xhtml" xml:lang="en" lang="en">
 <head>
  <title>
</title>
<meta http-equiv="Content-Type" content="text/html;charset=utf-8" />
  <meta name='ocr-system' content='tesseract 3.04.00' />
  <meta name='ocr-capabilities' content='ocr_page ocr_carea ocr_par ocr_line ocrx_word'/>
</head>
<body>
  <div class='ocr_page' id='page_1' title='image "./caiipliniisecun01goog_0409.png"; bbox 0 0 1975 3575; ppageno 0'>
   <div class='ocr_carea' id='block_1_1' title="bbox 175 281 746 381">
    <p class='ocr_par' dir='ltr' id='par_1_1' title="bbox 175 281 746 381">
     <span class='ocr_line' id='line_1_1' title="bbox 175 281 746 381; baseline 0.002 -26"><span class='ocrx_word' id='word_1_1' title='bbox 175 284 402 356; x_wconf 76' lang='lat' dir='ltr'>Hrsron.</span> <span class='ocrx_word' id='word_1_2' title='bbox 417 284 490 355; x_wconf 85' lang='lat' dir='ltr'>Lib.</span> <span class='ocrx_word' id='word_1_3' title='bbox 503 282 630 356; x_wconf 83' lang='lat' dir='ltr'><strong>XVIII.</strong></span> <span class='ocrx_word' id='word_1_4' title='bbox 681 281 746 381; x_wconf 83' lang='lat'>381</span> 
     </span>
    </p>
   </div>
   <div class='ocr_carea' id='block_1_2' title="bbox 71 400 852 2905">
    <p class='ocr_par' dir='ltr' id='par_1_2' title="bbox 71 400 852 2905">
     <span class='ocr_line' id='line_1_2' title="bbox 75 400 750 486; baseline 0 -20"><span class='ocrx_word' id='word_1_5' title='bbox 75 401 124 466; x_wconf 84' lang='lat' dir='ltr'>bus</span> <span class='ocrx_word' id='word_1_6' title='bbox 148 403 313 464; x_wconf 83' lang='lat' dir='ltr'>obnoxium</span> <span class='ocrx_word' id='word_1_7' title='bbox 337 400 531 483; x_wconf 62' lang='lat' dir='ltr'>est.1mpunt</span> <span class='ocrx_word' id='word_1_8' title='bbox 551 420 687 485; x_wconf 79' lang='lat' dir='ltr'>praeterea</span> <span class='ocrx_word' id='word_1_9' title='bbox 707 403 750 486; x_wconf 83' lang='lat' dir='ltr'>ja·</span> 
     </span>
     <span class='ocr_line' id='line_1_3' title="bbox 72 483 754 567; baseline 0.001 -21"><span class='ocrx_word' id='word_1_10' title='bbox 72 502 136 557; x_wconf 78' lang='lat' dir='ltr'>ret,</span> <span class='ocrx_word' id='word_1_11' title='bbox 153 486 204 545; x_wconf 80' lang='lat' dir='ltr'>vel</span> <span class='ocrx_word' id='word_1_12' title='bbox 231 483 408 545; x_wconf 64' lang='lat' dir='ltr'>derelissum</span> <span class='ocrx_word' id='word_1_13' title='bbox 431 487 539 559; x_wconf 85' lang='lat' dir='ltr'>etiam,</span> <span class='ocrx_word' id='word_1_14' title='bbox 554 486 577 543; x_wconf 83' lang='lat' dir='ltr'>si</span> <span class='ocrx_word' id='word_1_15' title='bbox 598 506 655 544; x_wconf 90' lang='lat' dir='ltr'>non</span> <span class='ocrx_word' id='word_1_16' title='bbox 684 507 754 567; x_wconf 88' lang='lat' dir='ltr'>pro·</span> 
     </span>
     <span class='ocr_line' id='line_1_4' title="bbox 77 562 753 636; baseline 0.006 -13"><span class='ocrx_word' id='word_1_17' title='bbox 77 567 145 624; x_wconf 83' lang='lat' dir='ltr'>tinus</span> <span class='ocrx_word' id='word_1_18' title='bbox 165 562 254 625; x_wconf 87' lang='lat' dir='ltr'>secuti</span> <span class='ocrx_word' id='word_1_19' title='bbox 273 564 403 626; x_wconf 80' lang='lat' dir='ltr'><strong>obruant</strong></span> <span class='ocrx_word' id='word_1_20' title='bbox 422 563 550 636; x_wconf 86' lang='lat' dir='ltr'>imbres,</span> <span class='ocrx_word' id='word_1_21' title='bbox 566 563 602 628; x_wconf 77' lang='lat' dir='ltr'>ab</span> <span class='ocrx_word' id='word_1_22' title='bbox 621 565 753 632; x_wconf 80' lang='lat' dir='ltr'>omnibus</span> 
     </span>
     <span class='ocr_line' id='line_1_5' title="bbox 76 644 754 708; baseline 0.003 -3"><span class='ocrx_word' id='word_1_23' title='bbox 76 646 239 705; x_wconf 75' lang='lat' dir='ltr'><strong>animalibus</strong></span> <span class='ocrx_word' id='word_1_24' title='bbox 267 645 463 706; x_wconf 82' lang='lat' dir='ltr'>amaritudine</span> <span class='ocrx_word' id='word_1_25' title='bbox 490 644 540 705; x_wconf 67' lang='lat' dir='ltr'>sui</span> <span class='ocrx_word' id='word_1_26' title='bbox 566 661 669 706; x_wconf 85' lang='lat' dir='ltr'>tutum.</span> <span class='ocrx_word' id='word_1_27' title='bbox 689 646 754 708; x_wconf 86' lang='lat' dir='ltr'>Ple-</span> 
     </span>
     <span class='ocr_line' id='line_1_6' title="bbox 72 719 756 807; baseline 0 -22"><span class='ocrx_word' id='word_1_28' title='bbox 72 719 191 805; x_wconf 70' lang='lat' dir='ltr'>{rumquo</span> <span class='ocrx_word' id='word_1_29' title='bbox 208 742 309 786; x_wconf 84' lang='lat' dir='ltr'>tamen</span> <span class='ocrx_word' id='word_1_30' title='bbox 321 726 381 786; x_wconf 83' lang='lat' dir='ltr'>levi</span> <span class='ocrx_word' id='word_1_31' title='bbox 392 725 470 786; x_wconf 86' lang='lat' dir='ltr'>sulco</span> <span class='ocrx_word' id='word_1_32' title='bbox 483 728 623 807; x_wconf 82' lang='lat' dir='ltr'>integunt.</span> <span class='ocrx_word' id='word_1_33' title='bbox 634 723 756 786; x_wconf 84' lang='lat' dir='ltr'>Exden·</span> 
     </span>
     <span class='ocr_line' id='line_1_7' title="bbox 77 805 758 870; baseline 0.006 -8"><span class='ocrx_word' id='word_1_34' title='bbox 77 806 144 865; x_wconf 83' lang='lat' dir='ltr'>siore</span> <span class='ocrx_word' id='word_1_35' title='bbox 167 806 244 866; x_wconf 72' lang='lat' dir='ltr'>terrai</span> <span class='ocrx_word' id='word_1_36' title='bbox 270 808 419 867; x_wconf 82' lang='lat' dir='ltr'>rubricam</span> <span class='ocrx_word' id='word_1_37' title='bbox 447 806 573 866; x_wconf 61' lang='lat' dir='ltr'>maxims</span> <span class='ocrx_word' id='word_1_38' title='bbox 595 822 683 867; x_wconf 84' lang='lat' dir='ltr'>amat.</span> <span class='ocrx_word' id='word_1_39' title='bbox 707 805 758 870; x_wconf 82' lang='lat' dir='ltr'>Ad</span> 
     </span>
     <span class='ocr_line' id='line_1_8' title="bbox 76 885 760 950; baseline 0.001 -5"><span class='ocrx_word' id='word_1_40' title='bbox 76 885 141 945; x_wconf 84' lang='lat' dir='ltr'>hanc</span> <span class='ocrx_word' id='word_1_41' title='bbox 161 887 296 947; x_wconf 85' lang='lat' dir='ltr'>alendam</span> <span class='ocrx_word' id='word_1_42' title='bbox 343 885 387 947; x_wconf 91' lang='lat' dir='ltr'>ost</span> <span class='ocrx_word' id='word_1_43' title='bbox 406 889 524 948; x_wconf 84' lang='lat' dir='ltr'>tertium</span> <span class='ocrx_word' id='word_1_44' title='bbox 552 887 656 947; x_wconf 83' lang='lat' dir='ltr'>florem</span> <span class='ocrx_word' id='word_1_45' title='bbox 681 887 760 950; x_wconf 79' lang='lat' dir='ltr'>verti</span> 
     </span>
     <span class='ocr_line' id='line_1_9' title="bbox 78 909 760 1048; baseline 0.003 -23"><span class='ocrx_word' id='word_1_46' title='bbox 78 964 177 1044; x_wconf 78' lang='lat' dir='ltr'>debet,</span> <span class='ocrx_word' id='word_1_47' title='bbox 197 969 228 1026; x_wconf 91' lang='lat' dir='ltr'>in</span> <span class='ocrx_word' id='word_1_48' title='bbox 243 909 352 1027; x_wconf 62' lang='lat' dir='ltr'>sabuio</span> <span class='ocrx_word' id='word_1_49' title='bbox 370 965 435 1048; x_wconf 85' lang='lat' dir='ltr'>post</span> <span class='ocrx_word' id='word_1_50' title='bbox 452 967 617 1028; x_wconf 86' lang='lat' dir='ltr'>secundum.</span> <span class='ocrx_word' id='word_1_51' title='bbox 637 964 760 1032; x_wconf 81' lang='lat' dir='ltr'>Cretosa</span> 
     </span>
     <span class='ocr_line' id='line_1_10' title="bbox 78 1046 761 1130; baseline 0.001 -25"><span class='ocrx_word' id='word_1_52' title='bbox 78 1048 195 1120; x_wconf 75' lang='lat' dir='ltr'>tautum,</span> <span class='ocrx_word' id='word_1_53' title='bbox 210 1046 380 1130; x_wconf 84' lang='lat' dir='ltr'>limosaque</span> <span class='ocrx_word' id='word_1_54' title='bbox 396 1048 477 1120; x_wconf 90' lang='lat' dir='ltr'>odit,</span> <span class='ocrx_word' id='word_1_55' title='bbox 487 1049 520 1110; x_wconf 89' lang='lat'>&amp;</span> <span class='ocrx_word' id='word_1_56' title='bbox 531 1050 560 1106; x_wconf 91' lang='lat' dir='ltr'>in</span> <span class='ocrx_word' id='word_1_57' title='bbox 573 1049 606 1107; x_wconf 92' lang='lat' dir='ltr'>iis</span> <span class='ocrx_word' id='word_1_58' title='bbox 621 1068 681 1107; x_wconf 90' lang='lat' dir='ltr'>non</span> <span class='ocrx_word' id='word_1_59' title='bbox 692 1068 761 1129; x_wconf 74' lang='lat' dir='ltr'>pror·</span> 
     </span>
     <span class='ocr_line' id='line_1_11' title="bbox 78 1127 761 1211; baseline 0 -24"><span class='ocrx_word' id='word_1_60' title='bbox 78 1130 160 1187; x_wconf 77' lang='lat' dir='ltr'>veuit.</span> <span class='ocrx_word' id='word_1_61' title='bbox 175 1127 458 1190; x_wconf 64' lang='lat' dir='ltr'>Maceratumcalidi</span> <span class='ocrx_word' id='word_1_62' title='bbox 472 1128 547 1211; x_wconf 71' lang='lat' dir='ltr'>aqui</span> <span class='ocrx_word' id='word_1_63' title='bbox 562 1128 674 1190; x_wconf 84' lang='lat' dir='ltr'>homini</span> <span class='ocrx_word' id='word_1_64' title='bbox 686 1148 761 1208; x_wconf 78' lang='lat' dir='ltr'>quo·</span> 
     </span>
     <span class='ocr_line' id='line_1_12' title="bbox 80 1207 760 1345; baseline 0.012 -79"><span class='ocrx_word' id='word_1_65' title='bbox 80 1226 131 1345; x_wconf 46' lang='lat' dir='ltr'>Rue</span> <span class='ocrx_word' id='word_1_66' title='bbox 145 1210 175 1267; x_wconf 91' lang='lat' dir='ltr'>in</span> <span class='ocrx_word' id='word_1_67' title='bbox 194 1210 264 1270; x_wconf 89' lang='lat' dir='ltr'>cibo</span> <span class='ocrx_word' id='word_1_68' title='bbox 291 1207 348 1271; x_wconf 86' lang='lat' dir='ltr'>est.</span> <span class='ocrx_word' id='word_1_69' title='bbox 369 1208 446 1269; x_wconf 85' lang='lat' dir='ltr'>Nam</span> <span class='ocrx_word' id='word_1_70' title='bbox 462 1208 574 1271; x_wconf 85' lang='lat' dir='ltr'>bovem</span> <span class='ocrx_word' id='word_1_71' title='bbox 593 1229 682 1269; x_wconf 86' lang='lat' dir='ltr'>unum</span> <span class='ocrx_word' id='word_1_72' title='bbox 696 1229 760 1274; x_wconf 78' lang='lat' dir='ltr'>mo·</span> 
     </span>
     <span class='ocr_line' id='line_1_13' title="bbox 99 1288 758 1372; baseline 0.002 -26"><span class='ocrx_word' id='word_1_73' title='bbox 99 1288 117 1347; x_wconf 90' lang='lat' dir='ltr'>ii</span> <span class='ocrx_word' id='word_1_74' title='bbox 134 1289 236 1372; x_wconf 83' lang='lat' dir='ltr'>singuli</span> <span class='ocrx_word' id='word_1_75' title='bbox 255 1289 380 1360; x_wconf 85' lang='lat' dir='ltr'>satiant,</span> <span class='ocrx_word' id='word_1_76' title='bbox 398 1290 586 1371; x_wconf 80' lang='lat' dir='ltr'>validumque</span> <span class='ocrx_word' id='word_1_77' title='bbox 609 1288 758 1370; x_wconf 66' lang='lat' dir='ltr'>praessantz</span> 
     </span>
     <span class='ocr_line' id='line_1_14' title="bbox 80 1370 761 1451; baseline 0.003 -24"><span class='ocrx_word' id='word_1_78' title='bbox 80 1370 189 1448; x_wconf 86' lang='lat' dir='ltr'>quando</span> <span class='ocrx_word' id='word_1_79' title='bbox 210 1373 302 1432; x_wconf 82' lang='lat' dir='ltr'>eriam</span> <span class='ocrx_word' id='word_1_80' title='bbox 321 1372 492 1451; x_wconf 88' lang='lat' dir='ltr'>impositum</span> <span class='ocrx_word' id='word_1_81' title='bbox 513 1389 670 1451; x_wconf 86' lang='lat' dir='ltr'>puerorum</span> <span class='ocrx_word' id='word_1_82' title='bbox 687 1390 761 1430; x_wconf 86' lang='lat' dir='ltr'>ven·</span> 
     </span>
     <span class='ocr_line' id='line_1_15' title="bbox 80 1447 760 1533; baseline 0.004 -25"><span class='ocrx_word' id='word_1_83' title='bbox 80 1447 187 1521; x_wconf 81' lang='lat' dir='ltr'>uibus,</span> <span class='ocrx_word' id='word_1_84' title='bbox 204 1473 261 1533; x_wconf 86' lang='lat' dir='ltr'>pro</span> <span class='ocrx_word' id='word_1_85' title='bbox 282 1451 427 1532; x_wconf 85' lang='lat' dir='ltr'>remedio</span> <span class='ocrx_word' id='word_1_86' title='bbox 441 1449 492 1511; x_wconf 86' lang='lat' dir='ltr'>est.</span> <span class='ocrx_word' id='word_1_87' title='bbox 516 1448 613 1512; x_wconf 86' lang='lat' dir='ltr'>Condi</span> <span class='ocrx_word' id='word_1_88' title='bbox 631 1447 760 1511; x_wconf 79' lang='lat' dir='ltr'>insumo</span> 
     </span>
     <span class='ocr_line' id='line_1_16' title="bbox 79 1530 760 1613; baseline 0.001 -24"><span class='ocrx_word' id='word_1_89' title='bbox 79 1532 198 1591; x_wconf 58' lang='lat' dir='ltr'>maxims</span> <span class='ocrx_word' id='word_1_90' title='bbox 206 1535 365 1604; x_wconf 87' lang='lat' dir='ltr'>convenit,</span> <span class='ocrx_word' id='word_1_91' title='bbox 375 1534 513 1613; x_wconf 87' lang='lat' dir='ltr'>quoniam</span> <span class='ocrx_word' id='word_1_92' title='bbox 524 1534 553 1591; x_wconf 89' lang='lat' dir='ltr'>in</span> <span class='ocrx_word' id='word_1_93' title='bbox 565 1530 684 1592; x_wconf 85' lang='lat' dir='ltr'>humido</span> <span class='ocrx_word' id='word_1_94' title='bbox 696 1550 760 1592; x_wconf 82' lang='lat' dir='ltr'>ver·</span> 
     </span>
     <span class='ocr_line' id='line_1_17' title="bbox 80 1610 761 1694; baseline 0.004 -26"><span class='ocrx_word' id='word_1_95' title='bbox 80 1610 365 1685; x_wconf 81' lang='lat' dir='ltr'>miculiunrbilicurn</span> <span class='ocrx_word' id='word_1_96' title='bbox 386 1610 447 1694; x_wconf 85' lang='lat' dir='ltr'>ejus</span> <span class='ocrx_word' id='word_1_97' title='bbox 463 1615 492 1673; x_wconf 91' lang='lat' dir='ltr'>in</span> <span class='ocrx_word' id='word_1_98' title='bbox 518 1610 694 1673; x_wconf 83' lang='lat' dir='ltr'>sterilitatem</span> <span class='ocrx_word' id='word_1_99' title='bbox 715 1632 761 1671; x_wconf 83' lang='lat' dir='ltr'>ca·</span> 
     </span>
     <span class='ocr_line' id='line_1_18' title="bbox 83 1685 761 1765; baseline 0.007 -18"><span class='ocrx_word' id='word_1_100' title='bbox 83 1685 172 1752; x_wconf 83' lang='lat' dir='ltr'>strant.</span> <span class='ocrx_word' id='word_1_101' title='bbox 194 1691 226 1753; x_wconf 87' lang='lat' dir='ltr'>Si</span> <span class='ocrx_word' id='word_1_102' title='bbox 243 1695 285 1755; x_wconf 89' lang='lat' dir='ltr'>de</span> <span class='ocrx_word' id='word_1_103' title='bbox 307 1691 399 1755; x_wconf 87' lang='lat' dir='ltr'>astum</span> <span class='ocrx_word' id='word_1_104' title='bbox 423 1695 459 1753; x_wconf 88' lang='lat' dir='ltr'>sit</span> <span class='ocrx_word' id='word_1_105' title='bbox 479 1695 510 1752; x_wconf 92' lang='lat' dir='ltr'>in</span> <span class='ocrx_word' id='word_1_106' title='bbox 526 1691 648 1765; x_wconf 87' lang='lat' dir='ltr'>fronde,</span> <span class='ocrx_word' id='word_1_107' title='bbox 671 1694 761 1753; x_wconf 84' lang='lat' dir='ltr'>inara-</span> 
     </span>
     <span class='ocr_line' id='line_1_19' title="bbox 83 1769 752 1857; baseline 0.012 -29"><span class='ocrx_word' id='word_1_108' title='bbox 83 1769 106 1828; x_wconf 91' lang='lat' dir='ltr'>ri</span> <span class='ocrx_word' id='word_1_109' title='bbox 137 1776 248 1835; x_wconf 83' lang='lat' dir='ltr'>rotinus</span> <span class='ocrx_word' id='word_1_110' title='bbox 305 1777 364 1836; x_wconf 88' lang='lat' dir='ltr'>lum</span> <span class='ocrx_word' id='word_1_111' title='bbox 384 1797 458 1857; x_wconf 89' lang='lat' dir='ltr'>opus</span> <span class='ocrx_word' id='word_1_112' title='bbox 479 1773 530 1837; x_wconf 84' lang='lat' dir='ltr'>est.</span> <span class='ocrx_word' id='word_1_113' title='bbox 749 1808 752 1817; x_wconf 84' lang='lat'><em>=</em></span> 
     </span>
     <span class='ocr_line' id='line_1_20' title="bbox 83 1854 807 1937; baseline -0.001 -21"><span class='ocrx_word' id='word_1_114' title='bbox 83 1899 87 1904; x_wconf 81' lang='lat'><em>·</em></span> <span class='ocrx_word' id='word_1_115' title='bbox 239 1855 279 1917; x_wconf 87' lang='lat' dir='ltr'>ll.</span> <span class='ocrx_word' id='word_1_116' title='bbox 298 1876 344 1936; x_wconf 84' lang='lat'>¹5·</span> <span class='ocrx_word' id='word_1_117' title='bbox 362 1854 400 1917; x_wconf 88' lang='lat' dir='ltr'>Et</span> <span class='ocrx_word' id='word_1_118' title='bbox 418 1856 494 1917; x_wconf 71' lang='lat' dir='ltr'>vicii</span> <span class='ocrx_word' id='word_1_119' title='bbox 512 1857 561 1937; x_wconf 89' lang='lat' dir='ltr'>pin</span> <span class='ocrx_word' id='word_1_120' title='bbox 600 1854 698 1918; x_wconf 85' lang='lat' dir='ltr'>escunt</span> <span class='ocrx_word' id='word_1_121' title='bbox 715 1868 761 1915; x_wconf 66' lang='lat' dir='ltr'>ard</span> <span class='ocrx_word' id='word_1_122' title='bbox 803 1924 807 1931; x_wconf 18' lang='lat'><strong>⁴</strong></span> 
     </span>
     <span class='ocr_line' id='line_1_21' title="bbox 84 1933 761 2017; baseline 0.01 -27"><span class='ocrx_word' id='word_1_123' title='bbox 84 1950 136 2006; x_wconf 83' lang='lat' dir='ltr'>va,</span> <span class='ocrx_word' id='word_1_124' title='bbox 152 1955 211 2009; x_wconf 88' lang='lat' dir='ltr'>nec</span> <span class='ocrx_word' id='word_1_125' title='bbox 229 1933 292 2016; x_wconf 84' lang='lat' dir='ltr'>ipsa</span> <span class='ocrx_word' id='word_1_126' title='bbox 308 1936 442 2017; x_wconf 78' lang='lat' dir='ltr'>agricolis</span> <span class='ocrx_word' id='word_1_127' title='bbox 458 1956 551 2016; x_wconf 86' lang='lat' dir='ltr'>opero</span> <span class='ocrx_word' id='word_1_128' title='bbox 563 1959 579 1996; x_wconf 90' lang='lat' dir='ltr'>a</span> <span class='ocrx_word' id='word_1_129' title='bbox 589 1958 597 1996; x_wconf 90' lang='lat'><strong>:</strong></span> <span class='ocrx_word' id='word_1_130' title='bbox 608 1958 668 1997; x_wconf 88' lang='lat' dir='ltr'>nno</span> <span class='ocrx_word' id='word_1_131' title='bbox 681 1936 761 1997; x_wconf 88' lang='lat' dir='ltr'>sulco</span> 
     </span>
     <span class='ocr_line' id='line_1_22' title="bbox 84 2007 761 2088; baseline 0.009 -20"><span class='ocrx_word' id='word_1_132' title='bbox 84 2007 158 2085; x_wconf 79' lang='lat' dir='ltr'>sata,</span> <span class='ocrx_word' id='word_1_133' title='bbox 179 2033 242 2074; x_wconf 89' lang='lat' dir='ltr'>non</span> <span class='ocrx_word' id='word_1_134' title='bbox 258 2013 388 2084; x_wconf 83' lang='lat' dir='ltr'>sarritur,</span> <span class='ocrx_word' id='word_1_135' title='bbox 415 2034 475 2074; x_wconf 91' lang='lat' dir='ltr'>non</span> <span class='ocrx_word' id='word_1_136' title='bbox 498 2013 684 2088; x_wconf 79' lang='lat' dir='ltr'>stercoratur,</span> <span class='ocrx_word' id='word_1_137' title='bbox 704 2035 761 2075; x_wconf 84' lang='lat' dir='ltr'>nee</span> 
     </span>
     <span class='ocr_line' id='line_1_23' title="bbox 86 2090 764 2175; baseline 0.004 -25"><span class='ocrx_word' id='word_1_138' title='bbox 86 2091 161 2152; x_wconf 83' lang='lat' dir='ltr'>aliud</span> <span class='ocrx_word' id='word_1_139' title='bbox 178 2092 272 2174; x_wconf 68' lang='lat' dir='ltr'>quim</span> <span class='ocrx_word' id='word_1_140' title='bbox 297 2094 460 2155; x_wconf 80' lang='lat' dir='ltr'>deoccatur.</span> <span class='ocrx_word' id='word_1_141' title='bbox 486 2090 609 2154; x_wconf 87' lang='lat' dir='ltr'>Sationis</span> <span class='ocrx_word' id='word_1_142' title='bbox 629 2093 691 2175; x_wconf 82' lang='lat' dir='ltr'>ejus</span> <span class='ocrx_word' id='word_1_143' title='bbox 706 2097 764 2157; x_wconf 79' lang='lat' dir='ltr'>¹tria</span> 
     </span>
     <span class='ocr_line' id='line_1_24' title="bbox 86 2171 764 2254; baseline 0 -23"><span class='ocrx_word' id='word_1_144' title='bbox 86 2187 238 2254; x_wconf 81' lang='lat' dir='ltr'>tempora:</span> <span class='ocrx_word' id='word_1_145' title='bbox 255 2175 330 2233; x_wconf 84' lang='lat' dir='ltr'>circa</span> <span class='ocrx_word' id='word_1_146' title='bbox 349 2172 481 2241; x_wconf 86' lang='lat' dir='ltr'>occasum</span> <span class='ocrx_word' id='word_1_147' title='bbox 497 2173 628 2247; x_wconf 59' lang='lat' dir='ltr'>Arauri,</span> <span class='ocrx_word' id='word_1_148' title='bbox 651 2191 682 2247; x_wconf 84' lang='lat' dir='ltr'>ut</span> <span class='ocrx_word' id='word_1_149' title='bbox 698 2171 764 2232; x_wconf 56' lang='lat' dir='ltr'>De«</span> 
     </span>
     <span class='ocr_line' id='line_1_25' title="bbox 89 2251 766 2335; baseline 0.007 -25"><span class='ocrx_word' id='word_1_150' title='bbox 89 2254 195 2315; x_wconf 83' lang='lat' dir='ltr'>cembri</span> <span class='ocrx_word' id='word_1_151' title='bbox 215 2253 314 2314; x_wconf 87' lang='lat' dir='ltr'>mense</span> <span class='ocrx_word' id='word_1_152' title='bbox 335 2252 444 2335; x_wconf 76' lang='lat' dir='ltr'>pascat:</span> <span class='ocrx_word' id='word_1_153' title='bbox 462 2270 530 2312; x_wconf 84' lang='lat' dir='ltr'>tunc</span> <span class='ocrx_word' id='word_1_154' title='bbox 546 2253 656 2334; x_wconf 58' lang='lat' dir='ltr'>oprimi</span> <span class='ocrx_word' id='word_1_155' title='bbox 666 2251 766 2315; x_wconf 86' lang='lat' dir='ltr'>seritur</span> 
     </span>
     <span class='ocr_line' id='line_1_26' title="bbox 88 2329 767 2417; baseline 0.004 -28"><span class='ocrx_word' id='word_1_156' title='bbox 88 2333 116 2391; x_wconf 91' lang='lat' dir='ltr'>in</span> <span class='ocrx_word' id='word_1_157' title='bbox 134 2332 247 2396; x_wconf 89' lang='lat' dir='ltr'>semen.</span> <span class='ocrx_word' id='word_1_158' title='bbox 269 2335 362 2417; x_wconf 60' lang='lat' dir='ltr'>AEqui</span> <span class='ocrx_word' id='word_1_159' title='bbox 376 2353 501 2415; x_wconf 81' lang='lat' dir='ltr'>numque</span> <span class='ocrx_word' id='word_1_160' title='bbox 511 2331 567 2393; x_wconf 88' lang='lat' dir='ltr'>fert</span> <span class='ocrx_word' id='word_1_161' title='bbox 576 2330 699 2414; x_wconf 81' lang='lat' dir='ltr'>depasta.</span> <span class='ocrx_word' id='word_1_162' title='bbox 719 2329 767 2393; x_wconf 87' lang='lat' dir='ltr'>Se·</span> 
     </span>
     <span class='ocr_line' id='line_1_27' title="bbox 91 2411 767 2477; baseline 0.001 -6"><span class='ocrx_word' id='word_1_163' title='bbox 91 2415 182 2475; x_wconf 83' lang='lat' dir='ltr'>cunda</span> <span class='ocrx_word' id='word_1_164' title='bbox 200 2415 271 2477; x_wconf 85' lang='lat' dir='ltr'>satio</span> <span class='ocrx_word' id='word_1_165' title='bbox 289 2413 387 2476; x_wconf 83' lang='lat' dir='ltr'>mense</span> <span class='ocrx_word' id='word_1_166' title='bbox 409 2413 542 2476; x_wconf 84' lang='lat' dir='ltr'>Januario</span> <span class='ocrx_word' id='word_1_167' title='bbox 566 2411 627 2474; x_wconf 84' lang='lat' dir='ltr'>est:</span> <span class='ocrx_word' id='word_1_168' title='bbox 643 2414 767 2475; x_wconf 83' lang='lat' dir='ltr'>novissi·</span> 
     </span>
     <span class='ocr_line' id='line_1_28' title="bbox 90 2490 769 2559; baseline 0 -6"><span class='ocrx_word' id='word_1_169' title='bbox 90 2512 136 2553; x_wconf 78' lang='lat' dir='ltr'>ana</span> <span class='ocrx_word' id='word_1_170' title='bbox 142 2495 269 2559; x_wconf 78' lang='lat' dir='ltr'>Martio:</span> <span class='ocrx_word' id='word_1_171' title='bbox 281 2515 342 2557; x_wconf 82' lang='lat' dir='ltr'>tum</span> <span class='ocrx_word' id='word_1_172' title='bbox 352 2496 388 2556; x_wconf 89' lang='lat' dir='ltr'>ad</span> <span class='ocrx_word' id='word_1_173' title='bbox 397 2494 533 2556; x_wconf 86' lang='lat' dir='ltr'>frondem</span> <span class='ocrx_word' id='word_1_174' title='bbox 542 2494 697 2554; x_wconf 76' lang='lat' dir='ltr'>utilissima</span> <span class='ocrx_word' id='word_1_175' title='bbox 708 2490 769 2553; x_wconf 57' lang='lat' dir='ltr'>Sic·v</span> 
     </span>
     <span class='ocr_line' id='line_1_29' title="bbox 92 2574 768 2658; baseline -0.007 -21"><span class='ocrx_word' id='word_1_176' title='bbox 92 2576 206 2637; x_wconf 80' lang='lat' dir='ltr'>citatem</span> <span class='ocrx_word' id='word_1_177' title='bbox 223 2599 259 2640; x_wconf 81' lang='lat' dir='ltr'>ex</span> <span class='ocrx_word' id='word_1_178' title='bbox 279 2578 434 2652; x_wconf 85' lang='lat' dir='ltr'>omnibus,</span> <span class='ocrx_word' id='word_1_179' title='bbox 451 2574 768 2658; x_wconf 85' lang='lat' dir='ltr'>quaeseruntur‚maxi·</span> 
     </span>
     <span class='ocr_line' id='line_1_30' title="bbox 93 2652 769 2740; baseline 0.004 -27"><span class='ocrx_word' id='word_1_180' title='bbox 93 2655 139 2715; x_wconf 59' lang='lat' dir='ltr'>mo</span> <span class='ocrx_word' id='word_1_181' title='bbox 157 2677 255 2720; x_wconf 82' lang='lat' dir='ltr'>amat:</span> <span class='ocrx_word' id='word_1_182' title='bbox 276 2681 335 2720; x_wconf 92' lang='lat' dir='ltr'>non</span> <span class='ocrx_word' id='word_1_183' title='bbox 352 2658 516 2740; x_wconf 82' lang='lat' dir='ltr'>aspernatur</span> <span class='ocrx_word' id='word_1_184' title='bbox 526 2659 612 2718; x_wconf 85' lang='lat' dir='ltr'>etiam</span> <span class='ocrx_word' id='word_1_185' title='bbox 624 2652 769 2716; x_wconf 84' lang='lat' dir='ltr'>umbrosa.</span> 
     </span>
     <span class='ocr_line' id='line_1_31' title="bbox 71 2724 767 2878; baseline 0.001 -84"><span class='ocrx_word' id='word_1_186' title='bbox 71 2812 76 2817; x_wconf 21' lang='lat'><em>⁷</em></span> <span class='ocrx_word' id='word_1_187' title='bbox 93 2724 136 2794; x_wconf 77' lang='lat' dir='ltr'>Ex</span> <span class='ocrx_word' id='word_1_188' title='bbox 151 2734 260 2800; x_wconf 86' lang='lat' dir='ltr'>semine</span> <span class='ocrx_word' id='word_1_189' title='bbox 282 2738 365 2820; x_wconf 83' lang='lat' dir='ltr'>ejus,</span> <span class='ocrx_word' id='word_1_190' title='bbox 380 2742 404 2800; x_wconf 91' lang='lat' dir='ltr'>si</span> <span class='ocrx_word' id='word_1_191' title='bbox 421 2733 767 2878; x_wconf 48' lang='lat' dir='ltr'>lefiia1rnaturaest‚pa·</span> 
     </span>
     <span class='ocr_line' id='line_1_32' title="bbox 95 2810 852 2905; baseline 0 -28"><span class='ocrx_word' id='word_1_192' title='bbox 95 2810 140 2903; x_wconf 71' lang='lat' dir='ltr'>isa</span> <span class='ocrx_word' id='word_1_193' title='bbox 159 2822 263 2882; x_wconf 85' lang='lat' dir='ltr'>ceteris</span> <span class='ocrx_word' id='word_1_194' title='bbox 276 2819 435 2902; x_wconf 80' lang='lat' dir='ltr'>praefertur.</span> <span class='ocrx_word' id='word_1_195' title='bbox 444 2819 561 2883; x_wconf 77' lang='lat' dir='ltr'>Viribus</span> <span class='ocrx_word' id='word_1_196' title='bbox 573 2817 698 2902; x_wconf 74' lang='lat' dir='ltr'>praeripit</span> <span class='ocrx_word' id='word_1_197' title='bbox 722 2836 770 2905; x_wconf 49' lang='lat' dir='ltr'>uc,</span> <span class='ocrx_word' id='word_1_198' title='bbox 850 2884 852 2887; x_wconf 53' lang='grc'><strong>,</strong></span> 
     </span>
    </p>
   </div>
   <div class='ocr_carea' id='block_1_3' title="bbox 0 0 1011 3575">
    <p class='ocr_par' dir='ltr' id='par_1_3' title="bbox 0 0 1011 3575">
     <span class='ocr_line' id='line_1_33' title="bbox 0 0 1011 3575; baseline 0 0"><span class='ocrx_word' id='word_1_199' title='bbox 0 0 1011 3575; x_wconf 95' lang='lat' dir='ltr'> </span> 
     </span>
    </p>
   </div>
  </div>
 </body>
</html>
