1975 3575
192 259 426 331 Htst'ort.
448 258 632 334 Lib.XlV.
683 285 736 359 93·

51 397 203 462 uunquam
226 378 304 439 floris
325 379 467 455 obnoxii,
488 385 623 462 quoniam
651 399 734 442 unte·

53 460 168 533 cedunt,
187 457 342 541 ventisque
364 462 398 521 &
422 461 563 522 imbribus
581 461 729 523 resistunt:

52 540 180 601 meliores
194 556 293 600 tamen
307 540 468 622 algentibus
486 542 575 615 locis,
589 542 673 624 quim
688 563 732 603 ca·

54 620 110 679 iidis
129 641 139 694 3
158 620 309 690 humidis,
349 621 416 681 uim
437 622 608 682 sitientibus.
630 620 731 683 Visula

55 703 136 782 magis
161 701 253 782 quint
273 641 361 761 deuio
381 723 504 762 uvarum
526 718 630 783 partu,
642 703 732 784 impa-

55 782 120 839 tiens
141 781 281 842 variantis
300 781 382 854 caeli,
403 782 452 842 sed
477 798 580 844 contra
599 798 733 842 tenorem

55 879 136 921 unum
152 861 260 945 algoris
275 860 394 923 aestusve
415 862 556 923 constans.
580 861 660 942 Quae
677 864 734 921 rni-

55 961 104 1000 nor
128 941 168 1002 est
193 962 234 1002 ex
259 963 297 1002 eo
322 962 447 1023 genere,
475 942 592 1003 melior.
618 941 653 1002 ln
682 942 736 1001 eli·

57 1021 143 1102 gendo
160 1020 226 1083 solo
244 1020 379 1096 morosa,
391 1025 490 1104 pingui
522 1021 657 1094 utrescit,
668 1041 736 1104 gra·

57 1102 101 1161 eiii
117 1105 236 1163 omnino
257 1123 317 1163 non
333 1106 478 1183 provenit.
540 1102 633 1162 ediam
657 1119 735 1162 tern-

57 1183 156 1261 perietn
175 1183 302 1245 delicate
332 1185 453 1265 quaerit,
469 1184 510 1244 ob
539 1183 596 1243 hoc
619 1179 733 1244 Sabinis

59 1261 168 1324 collibus
183 1263 343 1325 familiaris.
369 1264 439 1324 Uva
454 1264 518 1344 ejus
536 1262 675 1323 indecora
687 1264 735 1323 vi·

60 1339 100 1413 su,
111 1341 206 1424 sapore
224 1343 369 1424 jucunda:
389 1346 443 1403 nisi
464 1359 575 1404 matura
592 1343 734 1481 gretiam

61 1424 174 1502 rapitur,
190 1428 283 1486 etiam
301 1444 361 1484 non
380 1421 546 1505 putrescens
556 1443 590 1481 ca
612 1424 642 1483 'n
655 1420 736 1483 Con·

63 1518 100 1561 tra
115 1506 263 1586 grandines
284 1524 349 1564 eam
367 1522 463 1566 tuetur
482 1502 619 1565 foliorum
636 1501 737 1584 ampli·

64 1582 127 1644 tudo
147 1602 235 1669 atque
256 1585 368 1646 duritia

98 1662 220 1749 insignes
241 1662 299 1744 jam
313 1666 412 1726 colore
428 1666 504 1725 iuter
522 1684 680 1747 purpureas
689 1663 738 1723 ni-

64 1742 121 1825 gras
153 1746 292 1809 emedio
311 1746 451 1820 helvolae‚
472 1744 573 1828 saepius
595 1746 738 1820 varianti,

66 1826 95 1884 ὃ(
110 1767 151 1888 οἳ]
164 1830 194 1890 id
216 1830 340 1891 varianae
353 1849 369 1888 a
383 1826 550 1910 quibusdam
568 1827 735 1909 appellatae.

65 1902 207 1972 Praefertur
224 1911 254 1968 in
274 1909 317 1969 his
334 1910 460 1991 nigrior:
479 1925 598 1990 utraque
618 1908 735 1969 alternis

67 1989 136 2049 annis
155 1990 276 2060 fertilis,
299 1986 348 2049 sed
364 1991 468 2051 melior
484 1990 573 2062 vino,
590 1989 658 2048 cbm
668 2001 736 2127 Xar-

67 2067 128 2128 sior.
145 2068 180 2131 Et
204 2071 307 2151 preciae
322 2070 382 2130 duo
403 2089 510 2151 genera
538 2070 665 2149 magnitu
688 2071 738 2128 ine

68 2149 132 2209 acini
148 2151 366 2223 discernuntur,
384 2150 488 2230 quibus
502 2151 637 2209 materies
648 2147 740 2230 pluri·v

69 2246 126 2302 ma,
139 2251 195 2295 uva
217 2252 254 2293 ue
277 2232 344 2292 ollis
362 2227 532 2301 utilissima,
548 2229 652 2289 folium
669 2230 741 2308 apin

70 2309 163 2374 simile.
191 2254 343 2375 flasssicanr
368 2306 547 2388 Dyrrachini
579 2306 743 2380 celebrant,-

70 2384 203 2469 Hispaniae
225 2391 381 2454 cocolobin
402 2403 522 2450 vocant.
541 2385 646 2445 Rarior
661 2386 744 2458 uvir,-

71 2467 143 2530 aestus
162 2471 276 2534 austros
291 2493 328 2533 ue
349 2469 452 2531 tolerat
469 2468 585 2547 :rapiti
606 2466 744 2539 inimica,

71 2552 148 2630 copis
167 2555 252 2636 larga.
271 2496 331 2613 tbiis
347 2553 417 2611 aniae
430 2550 490 2610 duo
507 2568 613 2631 genera
627 2544 742 2627 ejusfa·

72 2628 158 2693 ciunt:
176 2654 267 2695 unum
285 2575 415 2713 obsongo
431 2632 514 2690 acino
524 2629 676 2704 ,salterutn
691 2647 743 2687 ro·

71 2711 171 2774 tundo:
188 2716 360 2774 novissimas
377 2711 566 2771 vindemiant.
586 2707 660 2788 Qub
681 2706 742 2767 dul·

74 2789 313 2871 nitescentis,
333 2793 391 2856 hoc
410 2792 526 2855 melior.
542 2788 643 2855 Sed&
653 2785 741 2866 austes
