1975 3575
149 218 160 232 ·’
179 209 623 285 mirantium
649 245 654 253 ·
675 208 747 314 ini

73 317 117 409 lt,
133 330 211 412 juxta
222 333 359 414 priorem
372 333 482 393 nodum
497 331 611 394 alternis
623 331 747 395 laterum

73 413 172 495 semper
193 413 379 495 inguinibus,
391 430 426 473 ut
445 412 551 475 ditium
563 411 603 474 est
617 414 647 473 in
661 435 746 474 arun·

75 495 133 553 dine
148 515 179 553 ac
196 493 311 555 ferulis
358 514 461 556 uorum
484 494 617 554 dextrum
633 494 668 555 ab
682 496 745 555 imo

73 573 224 655 intelligitur
253 515 399 648 articulo,
417 575 524 634 laevum
539 576 569 633 in
589 577 745 654 proximo,

74 669 147 733 atque
165 656 204 714 ita
221 675 276 733 per
297 656 392 715 vices.
412 654 479 716 Hoc
498 671 619 716 vocatur
640 656 746 717 invite

75 750 192 813 gemma,
208 736 279 794 clun
294 736 339 795 ibi
361 733 499 817 cespitem
516 732 594 795 fecit.
606 732 684 796 Anti
694 754 748 794 ve·

75 814 103 872 ti
120 812 201 894 quim
221 814 333 889 faciat,
353 819 383 875 in
400 836 532 876 concavo
545 815 665 877 oculus:
678 815 750 876 &in

75 892 206 955 cacumine
217 894 303 976 ipso,
325 916 458 978 germen!
471 895 518 955 Sic
535 895 683 992 palmitem
695 913 751 955 ne-

75 974 364 1051 potes‚uvae‚folia‚
397 974 505 1056 amplni
517 993 679 1058 gignuntur.
689 974 751 1035 Mi·

76 1071 190 1134 tumque,
202 1054 362 1118 finniorae
386 1060 439 1117 ein
446 1056 549 1118 dextri
560 1072 638 1137 parte
645 1057 750 1138 genita.

109 1133 166 1194 llos
185 1156 257 1219 ergo
278 1139 310 1197 in
332 1136 450 1198 surculis
477 1137 593 1209 nodos,
612 1138 678 1197 clun
702 1133 752 1197 seb

77 1230 179 1288 turtur,
195 1218 316 1279 medios
326 1217 424 1279 secare
434 1234 570 1299 oportet,
584 1219 668 1278 itane
697 1237 751 1277 ro·

76 1291 133 1361 fluat
149 1297 286 1360 medulla.
311 1297 353 1359 Et
371 1301 401 1358 in
422 1297 480 1359 fico
494 1296 612 1377 quidem
624 1297 663 1359 do
685 1318 752 1357 ran·
781 1346 787 1352 .

76 1372 134 1434 tales
143 1377 242 1457 paxilli
260 1378 332 1439 solo
348 1378 490 1461 patefacio
506 1376 654 1450 seruntur,
666 1380 705 1438 sic
717 1390 750 1439 ut

76 1451 232 1525 descendant
252 1482 326 1542 quae
350 1461 481 1541 proxima
502 1459 597 1519 arbori
625 1457 754 1534 fuerint,

78 1532 126 1594 duo
134 1537 207 1599 oculi
216 1557 304 1600 extra
319 1556 425 1601 terram
436 1542 593 1601 emineant.
603 1537 694 1600 Oculi
701 1558 752 1599 au·-

79 1628 130 1692 κω
145 1620 174 1678 in
193 1622 338 1682 arborum
360 1620 476 1681 surculis
503 1621 621 1704 proprie
641 1640 753 1681 vocan-

79 1707 131 1767 tur,
147 1701 222 1762 unde
261 1704 417 1763 erminent.
439 1701 505 1762 Hac
524 1702 561 1762 de
582 1700 665 1761 causi
677 1701 751 1762 &in

80 1775 205 1854 plantariis
227 1723 384 1866 alquando
407 1782 515 1845 eodem
536 1804 612 1845 anno
634 1780 752 1858 ferunt,
803 1791 807 1798 ’

82 1874 142 1938 quos
156 1858 237 1924 fuere
257 1866 343 1926 laturi
363 1863 468 1925 smnus
489 1867 519 1924 in
535 1865 637 1925 arbore
652 1887 666 1926 r
682 1863 750 1924 cim

81 1940 238 2020 tempestivi
269 1945 321 2005 sati
360 1963 562 2027 pregnantes,
599 1944 752 2004 inchoatos

81 2035 227 2104 conceptus
257 2025 345 2085 aliubi
383 2027 483 2085 ariunt.
508 2022 550 2083 Ita
576 2022 646 2084 satas
660 2022 751 2099 litos,

81 2102 154 2161 tertio
173 2125 252 2165 mtto
276 2046 428 2165 transAEne
440 2103 533 2164 facile.
552 2102 620 2164 Hoc
636 2125 689 2184 pro
700 2102 751 2163 se·

81 2178 203 2246 uescendi
224 2184 377 2257 celeritate
399 2183 574 2243 adtributum
589 2183 655 2243 huic
667 2183 754 2243 arbon

81 2257 113 2331 tl,
126 2279 155 2321 ut
169 2265 310 2326 citissime
328 2265 492 2345 proveniat.
721 2319 723 2322 ,

114 2337 225 2406 Vitium
253 2344 436 2407 numerosior
456 2342 532 2403 satus
553 2339 603 2403 est.
626 2339 754 2403 Primum

82 2424 204 2485 omnium
223 2426 294 2487 nihil
316 2423 419 2486 seritur
433 2444 469 2484 ex
489 2424 553 2495 his,
565 2423 619 2482 nisi
635 2422 752 2495 inutile,

81 2495 293 2584 &deputatum
305 2508 335 2567 in
346 2505 497 2568 sarmento.
514 2502 546 2566 O
568 2518 686 2585 putatur·
700 2522 754 2562 auh

82 2590 136 2638 itm
151 2586 441 2669 quidquid'proxirnb
460 2585 526 2647 tulit
587 2582 674 2644 ilum.
698 2579 755 2643 So·

82 2654 153 2721 lebat
168 2669 334 2746 capitulatus
363 2671 507 2749 utrimque
523 2686 539 2728 e
557 2666 631 2726 duro
657 2660 754 2723 surcu-

81 2733 203 2827 lusstri:
224 2767 320 2833 eoque
338 2765 511 2835 argumento
534 2743 689 2824 aureolus
701 2758 755 2820 τῷ
