1975 3575
227 245 276 317 72
327 220 800 295 criminentur.

227 339 328 406 hensus
338 385 348 414 ,
357 359 535 423 papaverum
544 340 643 415 nodo,
654 341 687 403 &
697 343 727 400 in
739 356 836 403 totum
848 350 920 406 atro

226 425 349 506 propior
369 423 471 495 colos,
488 422 646 482 maculaeve
670 420 840 484 discolores.
860 424 920 485 Vi-

226 504 302 565 rides
317 503 395 564 terrd
409 501 539 564 condunt
553 501 683 577 barbari,
694 504 727 565 δι
739 503 857 565 illinunt
869 526 919 567 ce·

227 585 269 646 ri.
289 582 426 645 Artifices
441 584 515 646 vero
534 582 672 644 frumenti
682 587 794 645 acervis
812 588 918 666 impo-

227 682 301 727 nunt
320 663 443 747 septenis
456 664 576 739 diebus,
589 664 712 726 totidem
723 667 915 730 intermissis:

228 747 392 828 mirumque
415 744 538 827 ponderi
562 747 756 827 quantumin
777 747 918 808 detraha-

228 843 285 888 tur.
305 826 458 908 Naufragia
476 826 733 908 docuerenuper,
752 827 826 887 hanc
839 850 918 911 quo-

156 929 160 934 ’
228 929 287 992 que
305 910 455 968 materiam
473 909 606 968 siccatam
624 910 716 981 mari,
737 907 843 969 duritie
867 911 916 969 in-

229 987 367 1069 corrupti
389 987 404 1047 s
422 986 514 1061 illari,
531 1008 591 1047 non
610 988 671 1048 ullo
694 987 787 1049 modo
816 990 917 1051 vehe-

230 1072 366 1132 mentius.
378 1011 547 1128 lllrtriunrur
560 1069 687 1148 optime,
697 1067 916 1149 splendescunt·

229 1169 306 1231 que,
318 1169 406 1208 manu
425 1150 501 1207 sicci
517 1147 625 1208 fricatae
645 1171 662 1208 a
679 1148 800 1210 balineis
821 1155 917 1212 maxi·

230 1230 296 1292 me:
312 1249 366 1289 nec
384 1250 402 1288 a
420 1230 494 1290 vinis
516 1228 669 1301 laeduntur,
683 1247 716 1289 ut
739 1230 783 1290 his
799 1236 916 1314 genitae.

275 1310 322 1373 16.
343 1310 423 1374 Inter
439 1331 542 1390 -pauca
560 1310 700 1371 nitidioris
721 1312 789 1372 vitae
809 1312 917 1392 instru-

230 1389 330 1453 menta
350 1393 412 1453 haec
423 1392 510 1452 arbor
528 1389 584 1452 est:
596 1412 706 1473 quapro
728 1393 916 1455 terinsisten·

231 1474 303 1534 dum
326 1475 353 1532 ei
378 1491 495 1553 quoque
528 1471 644 1553 paulum
673 1413 798 1534 videtur.
831 1474 916 1537 Nota

229 1556 319 1613 etiam
327 1552 460 1612 Homero
472 1550 527 1611 fuit
536 1575 542 1612 :
552 1551 648 1631 thyon
657 1551 764 1614 Graece
775 1573 915 1629 vocatur,

232 1634 270 1694 ab
285 1633 346 1692 aliis
367 1632 448 1772 rippa.
462 1632 546 1692 Hanc
559 1635 654 1715 iraque
664 1636 739 1695 inter
751 1635 858 1697 odores
871 1639 917 1698 uri

233 1714 320 1775 tradit
336 1714 366 1772 in
410 1712 499 1772 eliciis
521 1711 622 1775 Circes
635 1759 645 1789 ,
666 1736 752 1797 quam
763 1716 851 1777 deam
862 1739 917 1780 vo·

231 1794 310 1855 lebat
325 1794 462 1877 intelligi,
482 1815 588 1878 magno
608 1816 706 1858 errore
726 1817 848 1870 eorum,
866 1800 918 1882 qui

232 1875 423 1936 odoramenta
432 1878 462 1935 in·
473 1897 511 1938 eo
521 1876 665 1938 vocabulo
675 1879 818 1959 accipiunt
829 1882 917 1953 ,curu

232 1955 390 2039 ptaesertim
406 1957 513 2018 eodem
533 1956 618 2019 versu
640 1958 760 2019 cedrum
783 1960 918 2022 laricem·

233 2057 301 2120 que.
311 2036 368 2097 und
385 2038 495 2099 tradat:
515 2041 545 2098 in
556 2058 615 2121 quo
629 2038 811 2101 manifestum
822 2040 864 2102 est
877 2043 917 2104 de

233 2117 383 2179 arboribus
392 2123 502 2181 tantum
517 2120 655 2182 locutum.
676 2120 917 2202 Theophrastus,

233 2197 305 2282 (qui
324 2203 432 2281 primus
442 2223 459 2262 a
470 2201 570 2284 Magni
581 2201 738 2263 Alexandri
750 2219 835 2263 aetate
848 2203 918 2265 scri·

231 2281 294 2356 bit,
310 2302 374 2364 quae
392 2284 469 2343 circa
486 2285 563 2345 urbis
575 2282 678 2343 Romae
714 2284 919 2367 usdringente·

232 2366 339 2424 simum
349 2364 598 2446 quadragesimum
610 2306 760 2444 gestalunt
768 2385 875 2426 annum
883 2365 916 2448 ,)

233 2463 372 2525 magnum
398 2443 456 2523 jam
481 2444 546 2503 huic
570 2443 667 2504 arbori
688 2446 832 2506 honorem
862 2450 918 2507 tri·

232 2523 318 2596 buit,
338 2540 511 2584 memoratas
528 2544 564 2584 ex
584 2524 619 2584 el
636 2523 764 2588 referens
784 2543 845 2588 tem
868 2529 918 2589 lo·

233 2626 301 2669 runt
320 2620 452 2665 veterum
473 2607 722 2688 contignationes,
744 2626 831 2689 quam
854 2629 919 2685 nm·

233 2705 292 2766 que
307 2685 554 2746 immortalitatem
572 2691 699 2748 materiae
710 2690 739 2747 in
749 2687 832 2749 tectis
845 2710 918 2750 con·

233 2781 279 2826 tra
291 2767 370 2847 ,vitia
387 2768 485 2831 omnia
508 2769 692 2849 incorrupte.
716 2766 917 2910 Radicesnihil

780 2868 821 2914 cn
834 2873 918 2934 prus,
