1975 3575
16 449 18 456 χ
75 408 240 536 praecepta
256 403 460 480 condiderint,
477 420 778 509 artemque-fecerint,

16 484 19 536 ζ
74 476 161 536 sicut
216 481 398 560 aphtonius,
429 491 471 551 ’δι
486 493 721 584 Aristomachus,
740 515 775 576 δε

16 561 17 564 ’
75 552 306 636 Commiades,
327 567 360 626 δι
381 568 527 638 Hicesius.
553 578 652 645 Africa
678 592 775 672 gypso

72 637 201 718 mitigat
217 639 427 724 =asperitatem,
442 673 496 714 nec
509 678 570 719 non
582 663 721 747 aliquibus
731 670 773 735 sui

70 719 219 795 partibus
237 722 326 784 casce.
349 727 467 792 Graecia
483 739 603 819 argilli,
622 764 672 825 aut
698 771 774 812 mar-

69 816 189 873 mores,
208 819 259 861 aut
275 801 351 880 sale,
363 827 415 870 aut
429 818 524 894 mari,
545 820 695 887 lenitatem
725 851 775 893 ex·

67 877 171 940 citat:
188 878 283 942 Italiae
303 905 370 965 pars
385 891 480 975 aliqua
497 899 629 967 rabulant
639 909 704 988 pice
716 932 724 970 τ
738 928 772 977 se

67 960 178 1018 aesini
195 964 317 1025 condire
335 969 427 1032 mulla
448 976 565 1059 vulgare
588 983 630 1044 est
646 990 688 1064 ei,
705 1012 774 1071 pro·

70 1038 247 1121 vinciisque
269 1043 408 1111 finitimis.
435 1052 562 1119 Nonnus
579 1082 643 1125 uam
664 1073 769 1149 prioris

71 1119 140 1177 vini
159 1119 251 1195 faece,
264 1145 387 1192 acetove
404 1135 554 1200 condiunt.
604 1165 637 1205 ec
654 1166 715 1211 non
735 1155 769 1218 ἃ

74 1215 114 1257 ex
131 1199 313 1285 ipso-musto
328 1207 400 1271 fiunt
411 1217 619 1286 medicamina:
632 1227 706 1291 deco
727 1238 767 1303 us·

67 1292 142 1351 tur,
154 1299 190 1340 ut
208 1283 350 1349 dulcescat
367 1297 502 1371 portione
514 1254 767 1374 virium.·Necdu·

70 1377 140 1421 tare
170 1361 244 1423 ultra
266 1387 394 1430 annuum
414 1372 535 1456 spatium
552 1382 607 1442 tale
659 1390 770 1458 oditur:

69 1437 239 1523 ntiquom
252 1447 365 1510 inlotis
382 1452 549 1538 decoquunt
558 1463 597 1522 ad
621 1487 688 1548 apas
700 1491 767 1535 mu·

67 1516 133 1594 sla,
152 1521 312 1607 infusisque
330 1529 374 1590 his
397 1532 534 1599 ferociam
552 1541 697 1627 frangunt.
725 1552 764 1618 Et

71 1600 103 1659 in
112 1634 115 1639 ·
123 1602 187 1661 lsoc
205 1619 303 1666 tamen
318 1630 442 1692 genere,
453 1617 485 1678 &
497 1621 526 1678 in
538 1627 618 1683 omni
628 1627 687 1689 alio
698 1631 764 1694 suh-

70 1680 240 1745 ministrant
252 1686 319 1748 vasa
333 1691 394 1772 ipsa
407 1698 597 1767 condimentis
605 1709 695 1785 picisr
708 1730 760 1776 cu·

70 1757 117 1840 jus
135 1761 278 1828 facienda
292 1772 365 1834 ratio
383 1779 518 1857 proximo
534 1781 646 1871 diqetur
668 1795 760 1858 volu-

69 1862 164 1905 mine.

110 1923 216 1989 XXV.
237 1948 285 1992 20.
308 1932 456 2000 Arborum
473 1940 559 2007 succo
578 1955 756 2027 manantium

65 2005 172 2084 picem
194 2012 393 2096 resinamque,
405 2019 466 2081 aliae
479 2043 553 2087 orta
566 2029 596 2088 in
613 2030 754 2115 Oriente,

66 2086 135 2145 aliae
153 2088 185 2146 in
200 2094 318 2173 Europi
332 2095 438 2161 ferunt.
450 2101 528 2183 Quae
539 2110 654 2173 interest
664 2114 759 2195 Asia,

68 2168 219 2248 utrimque
235 2173 368 2253 quasdam
386 2179 482 2243 habet.
505 2184 539 2244 ln
553 2187 680 2255 Oriente
696 2218 754 2279 op-

67 2249 173 2306 timam
184 2255 437 2339 tenuissimamque
448 2264 601 2327 terebinthi
613 2270 751 2350 fundunt:

67 2326 180 2389 deinde
191 2330 300 2394 lentisci
308 2381 320 2408 ,
327 2358 417 2419 quam
427 2341 620 2405 &mastichen
630 2371 750 2419 vocante

24 2429 26 2434 ’
65 2406 171 2487 postea
188 2419 331 2493 cupressi,
342 2423 509 2481 acerrimam
529 2421 639 2505 sapore.
653 2432 751 2516 Liqui-

64 2488 136 2549 dam
156 2511 281 2566 omnes,
301 2496 333 2557 δι
353 2503 750 2577 rantumresinamzcrassioa
788 2539 791 2544 ’

62 2588 130 2629 rem
149 2575 224 2633 vero
248 2575 282 2636 δι
307 2577 345 2637 ad
367 2582 448 2660 pices
468 2581 614 2648 faciendas
635 2594 749 2660 cedrus.

63 2646 196 2710 Arabica
212 2658 308 2715 resina
326 2658 391 2719 alba
403 2660 464 2736 esl,
475 2669 533 2725 acti
551 2668 658 2746 odore,
670 2671 747 2736 diffi-

62 2728 126 2788 cilis
147 2737 297 2813 coquenti.
323 2736 421 2801 Judaea
448 2745 598 2821 callosior,
620 2753 652 2814 δι
670 2772 745 2819 tere·

57 2808 197 2887 bintlsina
238 2835 336 2897 uoque
355 2822 504 2902 odoratior
517 2847 525 2889 ε
537 2826 656 2911 Syriaca
665 2834 742 2911 Atti·⁴

103 2835 289 2959 Tomuslll.
599 2910 643 2972 F.
725 2937 736 2996 g
