1975 3575
247 288 316 367 332
366 264 403 337 c.
428 265 611 335 Prrrrrr
636 261 830 336 ΝΛΜ.

243 386 368 450 autumni
386 406 475 468 aquas
486 386 595 445 erivare
607 385 754 445 convenit.
770 382 919 447 circaea-

243 470 288 527 nis
306 485 405 527 ortum
425 468 506 548 rigua
531 466 655 527 maxime
676 462 818 547 prosunt,
838 486 869 526 ac
886 483 918 525 ne

242 563 313 608 tunc
327 546 448 628 quidem
463 546 565 617 nimia,
578 547 716 628 quoniam
724 546 871 607 inebriaris
880 566 917 604 ra·

241 628 360 689 dicibus
378 644 493 688 nocent.
509 622 547 686 Et
560 643 627 687 aetas
637 627 763 686 modum
772 643 835 688 tem
855 641 918 686 erar.

244 707 381 771 Novellae
401 709 479 767 enirn
499 707 594 766 minos
615 708 725 767 sitiunt.
751 649 915 768 DesirIerant

243 803 343 849 autem
352 788 476 848 maxime
483 787 659 869 rigari,quae
668 786 838 850 adsuevere.
849 784 914 847 Con·

244 869 292 930 tra
308 869 388 929 siccis
404 869 477 927 locis
482 869 586 1007 ¹penita
601 888 661 930 non
672 884 817 950 expetunt
826 868 915 933 huno.

246 969 329 1020 rem,
343 968 398 1009 nrsr
409 967 482 1008 nece
505 968 605 1009 anum.

287 1027 365 1089 XLI.
383 1027 540 1109 Asperiora
561 1030 630 1089 vina
646 1028 733 1111 rigari
754 1030 849 1110 utique
870 1045 912 1086 m·

245 1110 330 1250 pium
340 1111 369 1168 in
380 1107 563 1169 Sulmonensi
575 1107 665 1169 Italiae
683 1129 772 1190 agro,
791 1129 859 1191 pago
867 1106 912 1166 Fr·

268 1193 352 1261 iano,
369 1189 420 1249 ubi
429 1190 538 1251 &arva
553 1190 658 1270 rigant:
670 1193 851 1271 mirumque,
861 1188 910 1246 her·

246 1269 293 1332 Ifae
308 1270 382 1350 aqui
396 1268 446 1328 illa
460 1282 617 1343 necantur,
634 1269 733 1352 fruges
750 1272 872 1340 aluntur,
884 1266 909 1327 δι

247 1344 346 1432 riguus
357 1371 411 1431 pro
424 1348 533 1410 sarculo
553 1348 604 1412 est.
617 1348 651 1409 In
664 1351 776 1411 eodem
786 1370 850 1432 agro
856 1348 910 1407 bm-

248 1431 316 1505 ma,
334 1430 416 1490 tanto
432 1434 521 1512 magis
539 1431 566 1509 si,
579 1433 662 1491 nives
681 1428 817 1511 jaceant,
834 1426 909 1510 geler-

248 1530 309 1583 ve,
328 1530 365 1570 ne
384 1510 471 1591 frigus
480 1513 556 1570 vites
565 1510 682 1585 adurat,
698 1507 907 1573 circumfundunt

247 1593 272 1650 ri
313 1590 444 1671 is‚quod
462 1591 503 1650 ibi
518 1591 648 1670 tepidare
666 1608 796 1652 vocant:
813 1606 908 1649 memo·

246 1690 264 1729 r
299 1669 329 1728 ili
350 1670 448 1729 naturai
467 1673 497 1730 in
515 1690 600 1730 amne
614 1669 685 1732 solo.
696 1669 761 1733 Sed
769 1671 841 1732 idem
848 1663 907 1728 reste·

247 1764 278 1810 re
299 1750 349 1808 vix
362 1749 504 1810 tolerandi
525 1751 635 1833 rigoris⁸
817 1805 823 1818 x

258 1858 260 1863 ·
285 1827 380 1888 XLII.
401 1849 449 1910 ²7·
469 1829 688 1893 Carbunculiac
704 1833 906 1917 rubiginunre·

246 1907 344 1983 media
355 1907 617 1973 demonstrabimus
625 1913 779 1976 volumine
785 1912 906 1996 proximo.

246 1987 367 2049 Interim
386 1988 427 2051 est
444 1989 613 2053 scarificatio
630 1995 768 2075 quedam
787 1997 815 2055 in
830 2007 906 2051 reme·
962 2019 963 2040 r

246 2069 303 2129 diis
316 2091 324 2131 ι
346 2071 412 2130 cirm
423 2073 515 2131 macie
525 2074 639 2133 corticis
652 2094 688 2133 ex
700 2074 860 2157 aegritudine
869 2065 907 2127 ad·

245 2147 402 2233 stringente
423 2150 473 2227 se,
492 2149 625 2236 justoque
643 2154 709 2234 plus
726 2154 822 2216 vitalia
836 2149 906 2211 arbo·

247 2251 314 2292 rum
335 2234 543 2312 comprimente
562 2277 572 2303 ,
593 2232 720 2295 exarianr
737 2234 816 2295 falcis
832 2231 906 2304 aciem

247 2312 369 2393 utraque
393 2331 477 2372 manu
488 2314 704 2393 imprimentes,
725 2310 906 2398 perpetuisin·

247 2391 345 2453 cisuris
362 2392 526 2465 deducunt,
542 2415 576 2453 ae
594 2394 687 2455 veluti
705 2413 803 2457 cutem
822 2393 906 2452 laxant·

247 2469 376 2532 Salutate
398 2472 428 2531 id
448 2471 545 2546 fuisse,
559 2490 734 2555 argumento·
748 2475 811 2535 sunt
827 2471 906 2532 dilata·

245 2566 284 2690 tp
305 2553 472 2628 cicatrices,
501 2556 534 2618 &
562 2557 705 2616 internato
733 2571 853 2638 corpore
868 2566 907 2610 er·

246 2649 344 2714 petae.

288 2710 393 2773 XLIII.
417 2712 583 2796 Magnique
603 2736 640 2776 ex
653 2730 736 2797 parte
758 2714 853 2777 similis
863 2709 907 2769 ho·

244 2793 357 2860 minum
375 2794 518 2860 medicina
536 2798 571 2861 &
589 2797 727 2860 arborum
747 2796 813 2875 est,
833 2802 907 2876 quar,
