1975 3575
165 283 377 355 Hmou.
395 282 609 355 Lib.XV111.
640 303 727 380 ⁴345

65 404 221 465 »uitiosum
240 402 368 484 intelligi
378 403 491 476 civem,
502 404 547 462 cui
559 401 667 483 septem
681 400 731 484 ju·

64 511 80 542 n
93 506 153 566 gera
170 506 229 546 non
245 482 338 545 effent
348 483 411 542 satis
419 508 448 543 u.
463 483 540 549 Haec,
548 501 641 543 autem
651 504 731 544 nten-

65 564 117 705 stppa
136 564 230 647 plebei
255 563 323 646 post
348 562 463 626 exailos
484 582 569 645 reges
588 563 730 646 adsignata

66 665 80 704 e
101 688 108 706 .
495 696 502 705 ,

72 763 74 769 -
97 723 235 804 Quanam
245 745 318 809 ergo
328 724 558 786 tantaeubertatis
566 720 648 784 causa
656 723 732 786 eratl

65 803 179 885 Ipsorum
194 824 263 866 nme
283 808 419 867 manibus
435 808 644 886 imperatorum
654 805 737 865 cole·

65 886 153 946 bantur
170 889 246 970 agri:
265 904 299 948 ut
319 886 366 946 fas
383 885 425 946 est
447 886 587 960 credere,
606 885 735 1024 {auden-

67 980 91 1025 te
105 966 175 1026 terri
185 987 310 1029 vomere
321 969 453 1028 laureato
462 968 608 1046 &ttiump
629 965 666 1025 ali
676 987 737 1025 ara·

68 1049 217 1110 intensive
232 1049 275 1108 illi
295 1047 405 1110 eadem
425 1046 493 1106 curi
514 1045 620 1106 semina
637 1045 740 1107 trada-

68 1124 206 1210 lant,qud
222 1127 323 1204 bella,
347 1127 449 1189 eidem
472 1146 509 1187 ue
528 1127 676 1209 diligentia
693 1148 737 1186 ar·

69 1226 100 1266 va
115 1206 320 1288 disponebant,
340 1208 399 1289 qut
416 1148 520 1268 caira:
535 1210 597 1268 sive
610 1206 737 1268 honesiis

71 1289 183 1348 mnibus
203 1293 304 1351 omnia
333 1290 425 1349 laetiius
444 1289 639 1370 proveniunt,
662 1309 739 1370 quoa¹

69 1368 133 1426 nium
147 1371 341 1433 &curiosius
360 1367 441 1429 fiunt.
462 1367 740 1430 Serenteminveue·
858 1410 860 1416 ·

71 1464 125 1507 runt
142 1450 196 1511 dati
214 1452 350 1514 honores
370 1447 526 1522 Semnum,
539 1449 617 1509 unde
632 1470 668 1509 co
707 1470 740 1511 o·

73 1546 137 1589 men.
154 1529 256 1593 Aranti
273 1550 405 1615 quatuor
424 1529 471 1590 sua
489 1529 589 1612 jugera
608 1531 638 1589 in
655 1468 739 1590 saiti-

75 1628 152 1682 ωηο,
172 1633 241 1695 vquae
260 1613 349 1675 Prata
380 1609 515 1690 Quindlia
540 1610 717 1692 appellantur
728 1656 741 1684 ,

77 1684 233 1769 Gntinnato
257 1696 359 1756 viator
380 1693 476 1753 attulit
502 1690 688 1766 diilaturam,
707 1695 741 1755 δι
806 1711 809 1717 ’

78 1770 179 1848 llidem
199 1776 391 1917 skattaditur,
413 1773 509 1847 nudo,
521 1772 665 1857 plenoque
677 1772 741 1857 pul.
813 1791 816 1808 ι

78 1854 203 1916 verisona
232 1921 241 1938 ,
254 1878 306 1917 um
317 1877 378 1918 ote.
385 1853 442 1915 Cui
451 1858 559 1930 viator,
569 1854 663 1916 «Vela
672 1877 741 1917 cot·

78 1951 149 2012 opus
158 1979 168 2008 ‚
177 1938 291 2018 inq'uit,
306 1955 339 1996 ut
348 1934 493 2017 proferam
505 1934 614 1995 senarius
627 1937 743 2017 populi·
763 2001 766 2008 ,

79 2032 155 2092 uque
172 2016 301 2076 Romani
311 2015 444 2076 mandata
451 2040 480 2074 n.
490 2013 579 2074 Tales
585 2032 647 2075 tum
656 2019 744 2076 etiam

80 2092 192 2154 viatores
203 2112 302 2155 etant:
317 2095 397 2176 quod
406 2093 498 2175 ipsum
507 2113 614 2155 nomen
623 2097 745 2156 inditum

81 2169 114 2231 tsi
127 2173 248 2235 subinde
268 2175 301 2237 dt
317 2195 354 2234 ex
368 2177 441 2256 agris
458 2173 586 2234 senatum
602 2173 745 2255 ducesque

82 2253 281 2317 arcessentibus.
306 2254 349 2315 At
367 2274 442 2313 nunc
463 2254 566 2313 eadem
590 2254 638 2313 illa
658 2253 748 2315 vindii

82 2334 179 2410 pedes,
198 2337 343 2397 damnatae
360 2354 478 2406 manus,
492 2331 673 2416 inscriptique
684 2333 750 2394 vul-

83 2426 121 2473 tus
140 2436 275 2479 exercent
292 2440 305 2479 a
322 2437 384 2477 non
408 2432 508 2476 tamen
525 2413 608 2474 surdi
624 2415 726 2475 tellure
738 2427 751 2490 ‚⁴

85 2511 257 2631 amparem
273 2497 449 2581 appellatur,
467 2494 582 2579 colique
595 2495 698 2555 dicitur
708 2498 753 2577 ip·

119 2597 125 2634 :
139 2576 247 2640 honore
258 2581 301 2640 his
311 2577 478 2658 adsumpto,
491 2594 523 2637 ut
533 2597 592 2637 non
600 2576 689 2637 inviti
698 2579 751 2646 ed,

87 2650 116 2711 &
136 2657 301 2741 indignati,r
317 2661 449 2735 credatur
465 2658 497 2718 id
517 2656 588 2719 fieti.
618 2656 676 2717 Sed
695 2677 751 2718 nos

87 2734 214 2798 nitamur
236 2740 439 2823 ergastulorum
464 2759 524 2799 non
544 2738 647 2799 eadem
669 2755 754 2799 ento·

89 2808 208 2885 lumenta
227 2819 376 2906 esle‚qua'e
393 2821 499 2885 suerint
514 2822 728 2964 impepatorum.

613 2922 636 2975 ν,
