1975 3575
243 234 314 305 ²40
371 211 409 284 C.
439 212 625 283 Parrrrr
649 210 844 284 Nurum

240 353 316 417 page
331 332 520 415 quadriennio
544 329 634 392 fnisse.
654 328 813 413 Cupress'us
833 335 863 392 in
882 348 926 393 eat
972 363 975 400 1

240 413 353 484 niella,
373 414 512 494 quoniam
528 430 631 494 praeter
646 431 745 479 cetera
757 435 820 474 uno
831 414 864 478 ,in
878 433 926 494 ge·
973 436 975 485 Ι

239 514 312 554 nere
329 495 457 553 materia
480 495 557 553 nitor
577 489 824 553 maxime'valeat
845 510 925 554 aeter·
974 492 975 495 ’

239 595 307 635 nus.
334 573 443 634 Nonne
462 573 645 633 simulacrum
668 570 795 649 Veiovis
813 577 845 633 in
864 590 924 633 arce

240 652 401 735 ecuprello
424 654 525 726 durat,
545 675 562 713 a
582 652 699 713 conditi
718 651 806 714 Urbe
819 669 924 715 Dcuxr.

240 756 326 796 anno
334 735 478 796 dicatum?
495 734 691 794 Memorabile
705 733 737 794 δι
746 733 845 794 Uticae
857 752 925 794 tem·

243 818 326 899 plum
344 815 507 896 Apollinis,
520 814 571 873 ubi
589 813 811 874 Numidicarum
831 815 924 875 cedro·

240 917 310 957 rum
323 895 550 966 rubestinum,
565 897 605 954 ira
613 912 644 954 ut
656 896 760 976 positae
773 894 859 955 fuere
871 897 922 974 pri'-

245 978 295 1038 ml
311 977 387 1036 urbis
409 974 471 1054 ejus
488 978 618 1056 origine,
639 977 719 1035 annis
737 988 921 1036 Mcnxxxrx.

240 1055 283 1119 Et
296 1059 327 1116 ‘in
340 1055 478 1137 Hispanil
488 1054 603 1137 Sagunti
613 1058 692 1115 aiunt
702 1056 850 1137 ‘templum
859 1053 920 1114 lna·

240 1158 291 1197 nae
303 1136 479 1217 aZacynth'o
489 1135 617 1196 advetlae
627 1157 694 1195 cum
707 1136 918 1208 conditoribus,

246 1219 326 1277 annis
348 1217 478 1278 ducentis
495 1233 560 1276 ante
581 1216 726 1275 excidium
749 1215 871 1296 Trojae,
890 1230 918 1274 ut

243 1296 344 1358 anaor
353 1295 402 1358 est
418 1298 569 1370 Bocchus,
580 1294 709 1378 infraque
723 1317 763 1377 op
786 1298 865 1357 idum
878 1297 918 1376 ip·

244 1377 309 1438 sum
327 1377 369 1435 id'
381 1378 491 1437 haberi'
511 1375 568 1438 Cui
584 1379 742 1458 pepercitr
773 1379 869 1459 igione
880 1380 918 1435 in·

244 1457 346 1518 duetus
367 1456 510 1527 Annibal,
527 1457 651 1539 juniperi
680 1457 809 1518 trabibus
838 1460 915 1518 etiarn

239 1558 324 1599 nunc
344 1537 524 1600 durantibus.
552 1536 644 1628 Super
661 1541 759 1599 omnia
780 1556 916 1599 memora·

240 1635 293 1679 rur
312 1618 389 1678 aedes
404 1622 435 1678 in
451 1617 561 1678 Aulide
580 1617 709 1697 ejusdem
730 1618 814 1691 deae,
839 1618 917 1679 saecu‘·

244 1700 281 1758 lis
305 1698 414 1778 aliquot
431 1715 495 1758 ante
512 1697 674 1778 Trojanum
691 1699 803 1759 bellum
821 1698 915 1760 eradi·

243 1777 355 1839 ficata:
376 1797 503 1861 quonam
522 1800 628 1860 genere
656 1781 784 1839 materiae
810 1778 914 1841 scientia

240 1858 406 1919 obliterata.
421 1858 456 1919 ln
476 1859 595 1940 plenum
618 1858 810 1941 dici'potest,
825 1863 912 1941 utique

241 1959 310 2080 Ἐκ
328 1940 423 2000 odore
433 1940 601 2022 praecellant
612 1985 622 2016 ,
632 1960 666 2001 ea
679 1943 839 2002 aeternitate
853 1960 913 2024 pra·

287 2039 327 2080 re.

286 2097 475 2181 Apraediffis
500 2122 599 2162 morus
618 2103 750 2184 proxime
772 2102 912 2173 laudaturi

239 2199 311 2264 quae
326 2181 468 2242 vetustate
484 2186 570 2242 etiam
583 2182 722 2265 nigrescit.
744 2182 782 2243 Et
792 2183 912 2266 quaedam
966 2201 971 2206 ·

239 2263 385 2323 tamenin
397 2263 457 2322 aliis
470 2263 647 2336 diuturniora
655 2263 718 2323 sunt
727 2263 828 2324 usibus
836 2263 911 2346 quim

237 2343 311 2403 alia.
329 2342 433 2403 Ulmus
450 2346 479 2402 in
494 2345 615 2425 perflatu
638 2342 742 2415 firma,
764 2345 853 2405 robur
871 2343 912 2402 de·

242 2420 371 2493 sollum,
393 2425 425 2484 &
442 2426 470 2482 'rn
487 2427 567 2506 aquis
588 2445 709 2504 quercus
731 2424 844 2485 obruta
867 2422 912 2484 Ea·

239 2503 316 2563 'dem
335 2501 418 2583 supra
431 2518 535 2564 terram
553 2503 658 2565 rimosa
671 2503 740 2566 facit
750 2526 853 2585 opera,
863 2523 914 2565 ror·

245 2581 364 2664 quendo
379 2580 447 2643 lese.
465 2583 550 2643 Larix
567 2588 598 2643 in
619 2586 742 2645 humore
756 2588 912 2667 praecipua,

241 2661 377 2725 &alnus
402 2665 490 2745 nigra.
517 2665 620 2725 Robur
635 2666 783 2727 marinaa
857 2685 912 2727 cor·

206 2784 209 2792 ·
234 2745 398 2824 rumpitur.
427 2745 499 2807 Non
526 2744 707 2829 improbatur
720 2746 766 2810 ’δι
801 2745 912 2844 agurii

830 2845 912 2907 aqua,
