1975 3575
162 243 387 401 stron.
405 301 480 373 Lib.
507 300 634 376 xvm.
686 298 758 399 '367

70 420 200 495 alodios,
215 422 251 484 δι
269 420 392 502 pollinis
412 418 549 504 sextarios
567 425 700 506 quinque.
715 422 760 484 lta

71 521 162 563 autem
183 503 342 584 appellant
362 504 394 561 in
412 505 527 575 tritico,
547 505 627 584 quod
652 503 756 567 florem

71 583 96 641 in
122 583 248 666 siligine.
284 583 357 644 Hoc
382 586 488 643 aerariae
507 580 630 643 officina
649 585 759 646 charta·

70 665 172 744 riteque
197 681 333 724 utuntur.
355 663 498 725 Praeterea
517 661 676 724 secundarii
697 664 758 726 sex·

69 746 152 804 tarios
172 763 327 826 quatuor,
347 743 548 826 furfurumque
566 743 760 809 tantumdem

68 820 152 884 Panes
171 827 248 886 vero
264 846 283 886 e
299 826 404 886 modio
423 827 590 909 similaginis
616 840 720 887 cxxu.
741 844 759 887 e

69 903 141 964 floris
161 908 269 967 modio
293 923 403 967 cxvu.
422 907 551 968 Pretium
582 906 649 967 huic
669 926 761 966 anno·

69 984 102 1043 ni
120 988 219 1048 medii
238 989 271 1046 in
290 986 414 1047 modios
425 985 606 1061 sarinae,xr..
620 984 705 1047 asses:
723 989 762 1047 si·

70 1064 189 1148 milagini
206 1066 346 1128 castrator
365 1065 475 1128 oslonis
491 1068 602 1127 assibus
621 1088 667 1127 am
689 1066 762 1142 lius,

71 1145 168 1227 siligini
185 1146 324 1209 castratae
342 1146 473 1230 duplum.
490 1146 541 1209 Est
552 1149 584 1210 &
598 1147 652 1208 ulia
661 1089 762 1207 ‹lissin-

71 1222 121 1285 uio
131 1229 472 1313 similaginis,tempore
481 1227 516 1293 L.
526 1229 606 1291 Pauli
614 1230 763 1310 nata‚pti·

71 1307 761 1453 ussus“asturensisfs

54 1462 223 1531 'secundarii
243 1473 332 1553 panis
354 1471 456 1553 quinas
481 1470 614 1547 selibras,
634 1469 759 1532 totidem

72 1546 183 1623 cibarii,
203 1554 238 1615 &
257 1551 406 1612 furfurum
422 1549 558 1613 sextarios
574 1549 630 1612 sex.

106 1625 195 1713 Siligo
211 1653 382 1716 numquam
397 1631 561 1694 maturescit
572 1633 693 1714 pariter,
703 1651 761 1695 nec

74 1704 124 1768 ulla
141 1710 281 1796 segetum
310 1715 404 1773 minus
436 1713 607 1776 dilationem
633 1715 761 1798 patitur,

75 1808 187 1871 propter
208 1796 416 1867 teneritatem,
433 1798 466 1856 iis
484 1818 549 1877 quae
574 1812 756 1869 maturuere,

76 1874 199 1946 protinus
209 1896 335 1958 granum
345 1877 563 1939 dimittentibus.
573 1876 631 1939 Sed
639 1878 734 1938 minus
744 1919 756 1948 ,

76 1950 156 2028 quim
166 1973 268 2017 cetera
277 1955 434 2030 frumenta,
452 1953 600 2038 in'slipuli
615 1957 758 2038 periclita-

76 2046 131 2103 tur,
148 2037 294 2114 quoniam
314 2034 426 2116 semper
451 2035 559 2095 tesiam
586 2037 673 2099 habet
699 2034 757 2117 spi-

76 2128 154 2252 {23¹²
174 2132 233 2174 nec
256 2134 352 2176 rorem
372 2116 521 2190 continet,
536 2117 587 2198 qui
598 2117 760 2198 rubiginem

117 2212 167 2257 rat.
795 2216 799 2220 ·

113 2272 157 2335 Ex
183 2275 285 2337 arinci
306 2276 486 2336 dulcissimus
505 2274 605 2355 panisz
618 2271 707 2356 ipsas
723 2274 761 2334 is·

79 2350 155 2438 tior,
175 2356 270 2437 quim
289 2355 348 2432 sar,
367 2357 400 2417 &
417 2352 511 2436 major
535 2352 628 2434 spica,
657 2294 762 2416 casim

79 2431 110 2491 &
124 2439 330 2514 ponderosior.
356 2437 436 2498 Raro
465 2433 583 2496 modius
600 2436 678 2517 grani
699 2454 760 2494 non

79 2525 144 2576 tvl.
168 2517 256 2580 libras
283 2518 397 2601 implet.
421 2516 567 2578 Exteritur
593 2516 624 2575 in
644 2513 760 2576 Gtaecis

79 2591 250 2660 difficulter:
264 2600 305 2661 ob
320 2600 352 2660 id
368 2598 505 2681 jumentis
524 2597 584 2659 dari
600 2597 636 2657 ab
649 2596 760 2658 Home·

81 2690 112 2732 ro
131 2676 214 2739 disin.
233 2680 304 2742 Haec
316 2683 394 2743 enim
406 2679 468 2753 est,
479 2700 567 2762 quam
578 2678 693 2761 olyram
704 2697 761 2738 vo·

81 2770 138 2815 cat.v
155 2756 264 2820 Eadem
281 2764 310 2822 in
324 2763 456 2846 AEgypto
471 2761 561 2821 sacilis
569 2805 580 2833 ,
590 2757 756 2840 ferulisque.

82 2828 132 2895 Fu
147 2841 208 2905 sine
226 2841 310 2909 asistt
327 2843 394 2906 eu:
417 2847 489 2908 item
516 2835 619 3003 uirgo,
636 2841 756 2923 excepts

604 2924 635 2985 iu
