1975 3575
212 326 263 400 uo
321 314 358 388 C.
383 315 571 386 Paruit
597 318 787 386 Nature.

157 462 159 466 ·
210 433 429 517 peditur,ideo
438 431 621 496 corticosum.
638 430 716 495 Silva
728 430 818 495 divisa
829 438 899 498 ceri*

213 515 251 574 ris
270 514 451 594 portionibus
466 514 565 575 mutui
578 515 740 575 innocentii
758 530 820 574 tura
835 512 903 575 esta¹

213 613 311 677 neque
329 595 403 655 ullus
419 595 525 655 saucias
540 596 657 657 arbores
676 593 823 655 custodit:
840 614 900 653 ne·

212 694 266 736 mo
299 673 409 735 furatur
432 676 522 736 alteri.
544 676 586 736 At
606 675 736 736 hercules
765 674 901 735 Alexan-¹

207 755 305 829 driae,
329 757 378 816 ubi
392 756 474 816 thura
495 757 722 838 interpolantur,
747 754 824 814 nulla
852 754 900 815 sa·

211 837 252 897 tis
273 834 396 897 custodit
415 836 561 918 diligentia
577 835 715 897 officinas.
734 832 899 917 subligaria

213 918 362 999 signantur
378 914 494 998 opifici:
513 916 632 998 persona
648 915 873 1055 adjiciturcaziri
884 960 899 990 ,

214 996 356 1058 densusve
377 998 531 1063 reticulos:
543 998 613 1058 nudi
632 1000 808 1057 emittuntur.
846 1017 901 1055 an·

212 1077 248 1137 rb
267 1081 359 1138 minus
372 1076 441 1139 fidei
454 1078 532 1160 apud
543 1099 597 1139 nos
608 1097 708 1159 poena,
719 1075 804 1158 quim
816 1076 898 1157 apud

213 1156 280 1216 illos
304 1159 385 1217 silvae
414 1158 529 1218 liabent.
561 1157 713 1217 Autumno
736 1157 839 1238 legitur
857 1157 898 1217 ab

212 1234 316 1296 aestivo
332 1251 423 1317 partu.
440 1236 508 1298 Hoc
519 1238 720 1319 purissimum,
730 1237 899 1299 candidum.

214 1313 348 1391 Secunda
370 1317 518 1379 vindemia
535 1315 577 1378 est
595 1337 686 1391 vere,
706 1317 743 1377 ad
755 1316 899 1378 eanrhie·

213 1416 263 1458 tne
276 1398 429 1460 corticibus
440 1400 545 1460 incisis.
561 1396 670 1458 Rufum
688 1397 745 1457 hoc
760 1400 898 1471 exit,nec

139 1520 148 1525 -
213 1479 442 1561 comparandum
461 1479 558 1560 priori.
590 1476 665 1537 lllud
691 1478 896 1557 carphiaturn'‚

215 1559 274 1620 hoc
296 1559 450 1617 dathiatum
473 1570 591 1616 vocant.
619 1554 755 1617 Creditur
781 1560 813 1620 ὃ(
839 1578 899 1618 no·

216 1637 301 1697 vellat
321 1636 432 1698 arboris
451 1635 619 1708 candidius,
640 1635 689 1697 sed
707 1638 813 1699 veteris
825 1637 899 1698 odo·

216 1720 320 1776 ratiost
334 1715 466 1794 Quidam
482 1718 560 1777 &in
580 1715 676 1777 insulis
684 1717 786 1778 melius
795 1719 898 1801 putant

218 1800 304 1878 gigni.
323 1796 395 1857 Juba
410 1799 440 1855 in
458 1795 554 1857 insulis
575 1816 660 1880 negat
678 1796 764 1860 nasci.

212 1924 215 1935 .
257 1876 350 1955 Quod
371 1896 407 1935 ex
425 1896 462 1937 eo
483 1877 658 1940 rotunditate
681 1895 767 1960 gurra
781 1899 897 1979 pepen-

215 1955 277 2030 dit,
297 1953 453 2019 rnasculurn
480 1978 643 2033 vocamus,
660 1961 727 2019 clun
744 1959 813 2019 alias
834 1964 896 2020 non

215 2036 276 2096 fere
289 2057 350 2096 mas
369 2052 511 2113 vocetur,
523 2039 571 2098 ubi
589 2061 649 2099 non
661 2041 697 2099 sit
709 2037 826 2098 femina.
838 2038 897 2101 Re·

215 2119 317 2198 ligioni
339 2118 497 2189 tributum,
514 2139 551 2179 ne
571 2117 653 2181 sexus
664 2119 735 2179 alter
746 2114 895 2202 usurpare·

214 2213 271 2258 tur.
290 2196 451 2259 Masculum
471 2199 559 2281 aliqui
576 2216 677 2282 purant
694 2221 710 2259 a
732 2198 826 2281 specie
849 2216 896 2260 te·

210 2276 300 2340 ilium
322 2277 438 2340 dicium.
456 2278 603 2362 Praecipua
623 2297 720 2341 autent
738 2281 827 2361 gratia
852 2277 894 2340 est

213 2358 375 2422 mammoso
393 2405 403 2434 ‚
421 2363 488 2422 clim
509 2362 635 2421 haerente
654 2360 772 2420 lacrima
796 2361 895 2441 priore

210 2439 369 2501 consecuta
377 2440 440 2499 alia'
450 2439 562 2499 miscuit
581 2437 621 2498 se.
636 2435 752 2521 Singula
763 2440 824 2502 haec
835 2461 896 2500 rna·

116 2517 118 2522 ’
212 2540 287 2580 num
307 2523 346 2579 irn
368 2519 426 2579 lere
447 2514 528 2577 solita
547 2518 687 2594 invenio,
704 2521 772 2580 cium
780 2522 895 2583 minore

213 2540 370 2681 diripiendi
393 2596 530 2658 aviditate
560 2598 662 2659 lentius
681 2598 755 2660 nasci
784 2600 895 2662 liceret.
983 2630 984 2633 ¹

213 2678 313 2741 Gtaeci
340 2678 498 2760 strigoniam
520 2679 697 2740 &atomum
723 2680 772 2739 tali
801 2682 894 2742 modo
983 2686 984 2689 ’

214 2758 377 2839 appellant:
389 2761 534 2819 minorent
554 2774 650 2822 autern
664 2758 805 2821 orobiam.
832 2761 894 2821 Mi·

212 2837 896 2931 cacconcuffuelisasmannamvocamusAEtiarna
