1975 3575
252 334 302 405 90
354 310 390 381 C.
417 310 591 381 Parum
619 312 814 382 Nurum.

250 418 339 570 {sitne
366 429 486 511 gloriam
512 431 687 511 praecipuam
715 432 744 489 in
767 428 930 492 fornacibus

307 513 359 570 icae
383 508 496 570 Tiberii
527 509 648 572 Caesaris
677 509 835 573 audieritas
860 512 931 573 fecit.

251 589 332 651 Ante
359 611 426 651 eum
443 589 559 653 Raeticis
578 592 659 672 prior
680 590 780 652 mensa
802 594 931 664 erat‚&

162 718 164 725 ,
251 673 317 730 uvis
330 669 545 732 Veronensium
556 692 636 754 agro.
658 669 742 752 Quin
755 673 790 733 &
801 693 819 730 a
829 673 930 753 parien-

250 752 291 811 tib
308 772 417 812 nomen
431 755 518 812 acinis
537 753 620 813 datur
638 754 738 833 passis.
759 751 931 814 Condantur

250 832 285 893 δι
302 830 398 894 musto
409 854 494 907 uvae,
509 831 634 915 ipsaeque
644 835 714 894 vino
727 833 780 895 suo
795 833 930 894 inebrian-

250 920 307 973 tur.
322 910 399 974 Aliae
419 912 546 974 decobbae
569 916 599 973 in
625 912 720 975 musto
747 913 925 975 dulcescunt:

251 993 314 1053 aliae
330 997 404 1055 verb
425 993 557 1055 sobolem
579 1015 687 1056 novam
705 996 735 1054 in
756 1012 853 1055 matre
874 992 927 1074 ipsi

249 1073 414 1155 ‘exspessanr
428 1074 605 1136 transsucida
622 1077 717 1137 virro:
734 1074 875 1156 additque
883 1075 927 1132 aci-

250 1155 297 1213 nis
317 1154 463 1227 eamdem,
479 1175 566 1237 quam
582 1157 612 1213 in
629 1155 714 1233 doliis
733 1152 927 1238 amphorisve,

251 1232 424 1294 duratricem
444 1235 522 1295 illam
540 1233 706 1298 firmitatem
723 1235 871 1297 austeritas
891 1235 928 1314 pi·

250 1315 292 1373 cis
312 1313 402 1375 infusa
415 1314 561 1398 pediculo.
577 1316 640 1378 Jam
658 1318 778 1378 inventa
799 1314 922 1400 perseia

250 1398 323 1456 vino
343 1396 439 1478 picem
452 1395 821 1478 resipiens‚Viennensem
838 1413 926 1536 agplun

252 1476 424 1547 nobilitans,
436 1478 593 1551 Arverno,
610 1475 806 1559 Sequanoque
821 1479 853 1538 &
893 1474 925 1534 el·

251 1557 321 1615 'vico
341 1556 494 1638 generibus
517 1579 576 1617 non
595 1559 707 1638 pridem
723 1558 872 1620 illustrata.
881 1554 926 1616 Ar·

253 1655 310 1716 que
333 1638 394 1696 haec
414 1636 527 1719 Virgilii
547 1640 622 1699 vatis
642 1655 724 1698 aetate
746 1641 925 1721 incognita,a

250 1713 333 1792 cujus
353 1718 434 1778 obitu
455 1735 509 1778 xc.
529 1736 651 1801 aguntur
669 1721 745 1780 anni.
756 1718 844 1801 Quid
855 1713 924 1795 qubd

250 1796 362 1857 insertae
383 1796 478 1858 castris
495 1798 636 1860 summam
653 1820 749 1861 rerum
766 1802 924 1883 imperium·

251 1897 308 1959 que
324 1879 493 1941 continent?
509 1877 721 1941 Centurionum
742 1884 772 1941 in
791 1877 924 1943 manuvi-

251 1961 309 2032 tis,
331 1961 363 2023 ὃ(
381 1962 484 2041 opimo
503 1965 639 2044 praemio,
654 1964 752 2024 tardos
765 1955 921 2025 ordinesad

252 2040 344 2100 lentas
359 2042 490 2122 perducit
501 2044 625 2124 aquilas,
637 2060 723 2125 arque
743 2046 831 2106 etiam
844 2048 873 2104 in
883 2038 925 2099 de·

249 2119 322 2179 linis
339 2143 457 2203 poenam
471 2121 561 2205 ipsam
578 2123 710 2185 honorat.
729 2124 795 2186 Nec
809 2145 867 2185 non
880 2120 923 2181 vi·

249 2221 313 2261 neae
351 2206 599 2285 oppugnationum
638 2204 747 2266 dedere
779 2208 925 2267 rationem·

251 2280 331 2343 Nam
349 2285 379 2343 in
396 2285 632 2347 medicaminibus
645 2287 720 2347 adeo
730 2306 867 2370 magnum
878 2279 924 2342 ob·

249 2365 345 2425 tinent
362 2364 478 2443 locum,
498 2383 529 2427 ut
549 2388 602 2448 per
620 2364 677 2427 sese
697 2368 768 2427 vino
790 2365 853 2451 ipso
883 2379 921 2421 re·

251 2445 349 2504 media
370 2450 435 2505 sint.

290 2524 343 2585 IV.
361 2544 388 2584 2.
406 2523 524 2584 Genera
541 2525 645 2587 vitium
660 2550 782 2591 numero
795 2540 918 2608 compre·

249 2602 338 2664 hendi
353 2604 432 2686 posse
447 2626 519 2665 unus
536 2606 706 2672 existimavit
718 2610 918 2674 Democritus,

250 2684 350 2751 cunda
367 2685 420 2744 sibi
441 2682 562 2746 Graeciae
573 2692 687 2772 cognita
703 2690 852 2772 profeffus.
865 2684 919 2747 Ce·
965 2737 966 2742 κ

249 2768 305 2823 teri
327 2768 474 2825 innumera
495 2785 580 2851 atque
599 2768 708 2830 infinita
724 2770 779 2833 effe
789 2765 922 2853 prodide-

248 2860 331 2919 runt,
343 2846 423 2930 quod
440 2850 536 2912 verius
553 2850 702 2933 apparebit
714 2872 751 2915 ex
762 2854 847 2920 vinis.
860 2844 918 2910 Nec
