1975 3575
169 231 581 309 Histoa.Lib.XV1.
637 235 706 331 189

43 373 69 414 at
81 352 176 415 lumini
196 350 341 415 sacrorum
364 355 451 413 etiarn
462 370 549 436 grata.
559 355 613 415 Hae
624 400 634 430 ‚
645 377 707 417 ma·

44 455 79 493 res
95 435 262 506 dumtaxat,
273 430 371 495 ferunt
384 435 417 494 &
431 454 515 504 eam,
532 456 616 515 quarn
625 435 705 503 Gra·

43 514 159 596 cisycen
180 530 309 585 vocant,
323 513 425 573 odoris
444 516 613 596 gravissimi.
632 517 705 578 Lari·

43 597 76 653 cis
90 594 202 657 morbus
216 591 279 666 est,
295 610 326 655 ut
341 594 408 654 teda
428 591 487 655 fiat.

53 712 58 719 -
76 671 174 735 Omnia
184 692 284 737 autem
294 673 355 734 haec
366 693 469 755 genera
485 673 623 745 accensa,
643 671 706 733 fuli-

61 756 97 814 ine
120 755 277 815 immodici
305 754 482 829 carbonem,
503 754 624 836 repente
654 774 707 813 ex·

45 773 129 914 lpount
146 856 213 895 cum
236 837 396 915 eruptionis
410 839 540 915 crepitu,
561 834 706 914 ejaculan-

46 930 129 995 trrque
143 915 248 997 longi:
267 916 390 996 excepti
401 914 508 987 larice,
525 937 589 997 quae
601 935 656 976 nec
666 936 708 974 at·
744 960 747 965 .

46 994 100 1067 det,
116 1017 166 1057 nec
185 997 347 1057 carbonem
367 995 450 1066 facit,
468 1016 523 1056 nec
540 997 597 1057 alio
613 996 706 1056 modo

47 1075 105 1155 ignis
122 1079 151 1139 vi
171 1074 369 1148 consumitur,
384 1075 469 1157 quaint
490 1076 608 1157 lapides.
622 1073 706 1137 Om-

47 1158 85 1215 ria
98 1177 128 1217 ea
146 1177 182 1238 pe
239 1157 291 1216 tub
310 1158 422 1229 virent,
439 1176 494 1218 nec
505 1156 588 1218 facile
600 1155 706 1218 dissero

48 1252 132 1296 turtur
145 1241 174 1298 irr
204 1237 320 1311 tonde,
337 1239 434 1298 ,etiam
451 1260 468 1298 a
485 1240 606 1317 petitisr
627 1255 705 1299 tanta

49 1317 161 1378 natalium
177 1320 306 1379 mixtura
322 1315 373 1378 est.
391 1315 449 1378 Sed
467 1320 550 1398 picen
560 1320 653 1378 minirs
664 1319 707 1377 al·

48 1397 151 1478 nquim
165 1398 249 1459 larix.
260 1397 312 1459 Illa
322 1402 461 1470 crassior,
475 1398 570 1459 levior
591 1418 626 1458 ue
638 1419 706 1458 cor·

51 1477 109 1549 tite,
118 1477 184 1540 lolio
200 1479 356 1553 villosior,
367 1481 515 1560 pinguior,
528 1481 560 1542 ὅ(
570 1419 702 1553 icosior,

49 1558 196 1641 molliorque
215 1558 460 1640 flequtpiceae
478 1562 585 1623 rariora
602 1560 706 1620 siccio-

52 1655 120 1718 taque
137 1639 224 1712 folia,
244 1642 276 1703 δι
293 1642 442 1712 tenuiora,
466 1661 499 1700 ac
512 1643 602 1723 magis
611 1641 707 1723 algen·

51 1718 101 1777 tit:
119 1735 235 1805 totaque
249 1721 392 1780 horridior
411 1721 471 1795 est,
491 1722 523 1783 δι
535 1720 646 1803 perfusa
658 1741 706 1781 re·

50 1798 105 1859 tini.
121 1800 242 1885 Lignum
251 1802 339 1862 abieti
350 1803 476 1864 similius.
495 1802 578 1864 Larix
587 1801 655 1863 ustis
664 1824 706 1863 ra·

50 1876 139 1941 ditibus
158 1904 221 1944 non
240 1883 413 1962 repullulat,
429 1901 460 1943 ut
475 1885 506 1946 itt
520 1883 616 1945 Lesbo
632 1886 706 1944 acci·

50 1957 98 2034 dit,
114 1963 227 2025 incenso
246 1984 369 2025 nemore
385 1963 533 2045 Pyrrhae.

81 2040 137 2102 Alia
152 2047 312 2106 etiamnum
331 2046 482 2126 generibus
503 2046 573 2126 ipsis
588 2046 618 2105 in
636 2042 705 2106 sexu

50 2116 195 2186 differentia.
215 2125 280 2185 Mas
298 2125 418 2185 brevior
441 2126 474 2186 δι
493 2124 609 2185 durior:
620 2122 705 2185 femi·

50 2218 78 2258 nt
88 2208 245 2281 procerior,
256 2204 454 2287 pinguioribus
464 2202 540 2263 foliis
554 2206 586 2264 δι
598 2206 707 2283 simpli-

50 2278 113 2341 cibus
127 2304 215 2369 arque
233 2306 293 2348 non
311 2284 479 2368 rigentibus.
500 2283 622 2363 Lignum
644 2303 709 2343 rna·

50 2358 110 2422 ss'but
123 2366 246 2440 durum,
264 2368 298 2428 δι
314 2368 345 2425 in
366 2363 459 2432 fabrili
478 2382 568 2442 opere
589 2376 709 2421 contor-

52 2453 117 2503 tum:
137 2446 252 2508 feminac
273 2446 408 2517 mollius,
427 2444 552 2527 publico
571 2440 710 2502 discrimi-

51 2537 79 2579 ue
89 2524 114 2583 in
129 2525 284 2588 securibus.
305 2526 360 2587 Hae
372 2528 402 2585 in
413 2543 598 2606 quocumque
607 2542 709 2663 gene·

50 2616 75 2658 tt
87 2602 300 2686 deprehendunt
308 2626 439 2668 marem:
455 2607 563 2688 quippe
574 2624 605 2664 re
618 2623 710 2685 puun·

51 2690 98 2754 mr,
109 2686 139 2746 δι
155 2687 297 2770 fragosius
317 2688 428 2758 sidunt,
447 2707 472 2745 ae
493 2687 551 2745 riits
566 2682 708 2750 revellun-

49 2770 93 2823 tur·
115 2763 178 2849 ipsa
203 2768 337 2830 materies
360 2705 522 2843 retorrib,
541 2767 574 2831 ὅ(
597 2765 707 2847 nigrior
