1975 3575
239 299 309 373 320
364 273 400 342 C.
425 273 816 344 PerurrNArun.

248 421 251 427 ¹
275 394 374 454 Unum
388 395 544 453 etiamnum
556 411 645 474 genus
661 389 720 464 est,
738 391 858 453 medium
867 389 903 450 ina

230 492 278 534 ter
295 476 352 534 hoc
366 476 399 536 &
416 475 620 554 propaginem,
641 488 715 532 toras
735 470 903 554 supplantan-

232 556 265 614 di
284 557 438 614 interram
461 557 559 626 vites,
586 551 740 634 cuneisque
767 551 899 626 findendi,

234 637 270 697 &
290 637 322 695 in
345 635 439 695 sulcos
459 635 555 714 plures
575 632 658 692 simui
681 653 718 692 ex
737 634 794 693 uni
811 653 900 714 propa·

235 717 340 797 gandi,
360 713 516 796 gracilitate
533 713 707 795 singularum
727 711 837 774 firmari
854 715 902 773 cir·

235 797 395 877 cumligatis
411 792 572 865 hastilibus,
591 810 646 853 nec
663 795 763 853 recisis
779 796 825 875 qui
838 813 853 851 a
866 793 900 851 la·

232 877 345 936 teribus
368 890 518 935 excurrant
539 894 614 954 pam
636 875 699 933 inis.
731 872 898 934 Novatiensis

234 955 360 1039 agricola
379 955 530 1015 traducum
551 895 635 1014 turbs
657 975 717 1014 non
742 970 891 1025 contentus,

234 1057 290 1098 nec
312 1037 398 1117 copis
413 1055 574 1107 ramorum,
594 1035 739 1114 impositis
757 1035 895 1095 etiamnum

146 1122 149 1127 ’
230 1116 369 1198 patibulis
377 1113 730 1197 palmirescircumvolvir.
738 1112 833 1195 ltaque
856 1134 897 1171 τε·

233 1213 280 1257 ter
299 1195 352 1256 soii
369 1198 458 1269 vitia,
474 1194 585 1255 culturi
620 1215 718 1276 noque
737 1211 818 1254 torua
837 1134 894 1253 sunt
957 1200 958 1259 ξ

235 1280 313 1341 vina.
335 1275 403 1339 Alia
420 1277 504 1356 culpa
520 1217 727 1356 juxtaihbem
736 1272 893 1343 Vanacini,
957 1262 958 1337 i

232 1374 300 1440 quae
321 1356 436 1418 alternis
455 1372 592 1437 putantur
611 1357 711 1428 antiis,
730 1376 789 1415 non
803 1352 892 1436 quiaid
957 1344 958 1411 i

233 1441 290 1499 viti
309 1438 471 1507 conducat,
488 1436 538 1496 sed
559 1439 625 1518 quia
644 1437 771 1507 vilitate,
787 1435 891 1495 reditun
957 1434 958 1513 i

231 1518 382 1600 impendia
412 1515 588 1597 exsuperant.
614 1515 748 1576 Medium
769 1533 890 1595 tempera·

232 1616 364 1659 mentum
382 1599 412 1656 in
429 1594 585 1659 Carsulano
603 1595 773 1678 sequuntur:
785 1589 888 1656 cariosas·
957 1592 958 1661 s

232 1676 889 1766 querantumvitispa'rtes,incipientesqueint·
957 1696 958 1753 t

231 1755 343 1830 testere
363 1757 549 1838 deputando,
568 1759 673 1819 ceteris
689 1757 727 1818 ad
744 1777 824 1820 uvam
835 1752 887 1814 rell·
957 1762 958 1820 i

231 1835 298 1912 esis,
316 1837 444 1899 deiratio
467 1859 558 1899 onere
577 1837 771 1920 supervacuo,
789 1822 886 1920 prori·
957 1823 958 1898 i

229 1920 369 1978 trimento
391 1920 472 1979 omni
493 1916 535 1979 est
551 1921 647 1984 raritas
657 1914 887 1982 vulnerinsedni·
957 1905 958 1972 i

231 1999 256 2057 si
279 2000 377 2079 pingui
404 1998 467 2063 solo
484 2000 547 2059 talis
568 1999 677 2060 cultura
703 1995 887 2083 degeneratio
957 1991 958 2042 s

228 2078 400 2141 labruscam.
883 2106 887 2112 ·
957 2077 958 2148 i

274 2158 399 2220 Arbusta
408 2164 478 2220 arari
488 2159 574 2241 quim
585 2159 722 2221 altissim'e
731 2160 888 2229 desiderant
957 2153 958 2156 ’

228 2243 348 2301 tametsi
367 2239 503 2301 frumenti
517 2243 590 2301 ratio
609 2262 670 2302 non
692 2244 787 2324 exigit.
799 2237 889 2317 Pampi-

229 2324 292 2380 nari
316 2342 350 2380 ea
368 2341 428 2381 non
449 2319 490 2381 est
509 2324 617 2381 motis:
637 2323 671 2383 &
688 2321 746 2383 hoc
770 2336 890 2400 compen·

230 2401 312 2461 dium
331 2422 436 2481 operae.
455 2400 640 2481 Deputantur
657 2422 726 2462 cum
744 2404 811 2465 'vite
827 2397 889 2480 poti·

158 2521 162 2532 ,
229 2497 277 2542 tet
291 2481 459 2541 interlucare
479 2481 619 2542 densitate
629 2502 775 2543 ramorum
788 2483 833 2563 qui
844 2479 889 2537 sint

228 2560 262 2622 su
301 2564 415 2633 iunoni,
435 2563 468 2623 &
488 2559 636 2622 absumant
648 2562 792 2623 alimenta.
808 2560 836 2621 Pl

230 2663 248 2700 a
287 2640 519 2722 septemtriones,
538 2660 587 2702 aut·
606 2643 642 2703 ad
666 2644 817 2703 meridiem
848 2655 891 2719 pe·

156 2781 159 2784 .
231 2720 307 2796 flare
326 2722 489 2783 vetuimusr
505 2723 609 2790 melius
618 2767 629 2795 ‚
651 2725 676 2782 si
693 2743 791 2806 neque
806 2723 833 2780 in
848 2736 890 2777 oo·

184 2873 188 2884 ι
230 2800 309 2892 tosus
322 2799 407 2868 Solis.
425 2800 485 2865 Diu
505 2803 605 2867 dolent
622 2803 686 2865 talia
702 2822 817 2889 quoque
826 2798 889 2862 osce
