1975 3575
276 310 344 364 120
393 287 430 358 C.
456 273 635 356 mim
659 270 842 351 Ntru'n.

270 408 461 470 Troezenium
481 406 583 464 vinum
607 402 657 483 qui
671 386 793 473 bibunt}
815 386 970 480 negante·

293 508 420 549 enerare.
440 483 553 545 Thasos
576 484 635 543 duo
653 500 757 563 genera
777 482 841 540 vitri
860 480 949 539 diter*-

269 510 302 630 ᾗ
315 568 410 629 facere
424 566 570 649 proditur:
585 580 674 623 unum
684 582 743 643 quo
756 559 879 620 somnus
891 579 950 619 corr·

272 649 407 723 cilietur,
418 647 538 707 alterum
560 644 634 704 verb
652 662 710 724 quo
727 638 858 723 fugetur.
871 637 951 721 Apud

274 728 395 792 eosdem
417 729 485 788 vitis
506 727 632 787 theriace
659 737 804 796 vocator,
823 719 950 800 cujus&

275 812 377 872 vinum
396 811 428 870 δι
446 826 504 867 uva
519 822 620 866 contra
632 800 675 863 ser
697 804 807 863 entium
818 800 892 861 ierus
903 819 951 859 me·

274 892 370 953 detur.
388 888 524 949 LIbanios
542 887 633 946 thuris
650 824 762 954 odore,
776 902 815 942 ex
855 880 892 941 ud
906 878 950 955 diis

276 971 430 1055 prolibant.
456 965 608 1029 Ediverso
637 963 810 1045 aspendios,
827 903 949 1023 damnata

277 1056 342 1113 aris.
366 1051 473 1111 Ferunt
488 1068 553 1108 eam
570 1066 624 1106 nec
644 1045 680 1104 ab
703 1043 771 1103 alite
795 1043 859 1103 ulld
881 1042 950 1113 attiu7

276 1134 316 1272 pei.
333 1130 470 1190 Thasiam
490 1148 577 1188 uram
597 1125 744 1266 AEpyptus
770 1140 863 1184 vocat
884 1118 948 1202 apud
969 1144 970 1187 ς

320 1209 513 1293 praedulcem,
531 1228 595 1289 quae
605 1205 637 1266 so
649 1204 811 1265 vitalvum.
828 1202 880 1265 Est
892 1222 949 1263 con·
969 1208 970 1273 i

279 1304 324 1352 tra·
346 1295 376 1353 in
394 1290 576 1371 Lycid‚quae
584 1285 708 1347 solutam
722 1282 829 1345 firmat.
848 1284 949 1365 AEgyp·

278 1391 325 1434 tus
347 1374 379 1433 ὅ(
402 1369 540 1431 ecbolada
572 1368 685 1442 habet,
706 1367 826 1426 abortus
857 1363 970 1437 facien·¹

280 1470 353 1514 tem.
367 1450 445 1510 Vina
461 1453 491 1509 in
510 1449 658 1530 apothecis
672 1445 761 1508 Canis
771 1463 842 1507 ortu
852 1461 948 1505 mutar·
969 1444 970 1485 l

279 1550 328 1593 tur
341 1531 492 1614 quadam,
511 1528 667 1610 posteaque
694 1525 882 1587 restituuntur
896 1523 947 1584 sibi.

280 1612 378 1674 Sic&
392 1613 463 1671 mari
482 1611 647 1693 navigatio,
665 1607 746 1688 cujus
765 1606 885 1687 jacintus
901 1605 947 1673 hit‘,

276 1690 345 1774 'quae
364 1691 530 1753 duraverint
538 1713 554 1762 ,·
565 1692 675 1767 tanthm
694 1687 844 1749 vetustatis
859 1683 947 1768 adjice·

280 1778 314 1833 're
336 1770 471 1844 sentitur,
493 1773 631 1854 quanthm
651 1770 810 1830 habuerint.

321 1850 434 1912 XXIII.
456 1872 502 1932 19.
522 1851 560 1912 Et
577 1853 713 1933 quoniam
731 1850 877 1932 religione
900 1845 948 1906 vita
968 1917 969 1934 χ

280 1931 410 2007 constat,
427 1932 571 2013 prolibare
597 1932 651 1993 diis
676 1928 817 1992 nefastum
841 1929 947 1991 habetur

281 2016 369 2087 vina,
391 2028 504 2093 praeter¹
516 2015 661 2093 Imputatae
680 2014 765 2088 vitis,
783 2009 904 2071 fulmine
915 2023 948 2066 ta-

281 2093 334 2154 &ae
347 2137 357 2167 ,
369 2112 513 2175 quamque
530 2091 608 2173 juxta
619 2093 744 2154 hominis
762 2103 843 2151 mors
858 2093 946 2172 laqueo

281 2175 469 2258 pependerit,
479 2188 529 2233 aut
544 2173 705 2234 vulneraris
711 2163 833 2254 pedibus
848 2165 948 2233 concol-
968 2241 969 2250 ἵ

282 2274 367 2327 cata,
386 2256 419 2317 &
436 2255 517 2336 quod
538 2255 711 2316 circumcisis
736 2255 867 2315 vinaceis
881 2253 947 2392 dpro'·
968 2299 969 2326 ζ

898 2345 946 2389 tort
968 2381 969 2388 ,

284 2337 478 2410 fluxerit‚·aut
496 2334 616 2416 superne
630 2333 755 2396 deciduo
766 2335 880 2394 immun

282 2415 363 2497 lapsu
384 2411 478 2495 aliquo
499 2415 618 2496 polluta.
645 2415 719 2476 Item
742 2411 868 2487 Graeca,
886 2429 947 2494 qoo-

282 2499 362 2559 niam
388 2515 492 2575 aquam
517 2494 649 2556 habeant.
670 2493 749 2555 VitIs
768 2492 828 2575 ipsa
846 2505 946 2577 quoque

282 2575 444 2646 manditur,
465 2574 591 2636 decodlis
613 2575 739 2636 caulibus
755 2573 891 2648 summis,
909 2567 946 2652 qui

283 2658 318 2718 &
339 2655 511 2715 condiuntur
534 2659 563 2715 in
589 2673 672 2717 aceto
693 2676 725 2714 ac
744 2656 849 2715 mutii.

282 2771 285 2778 -
323 2734 438 2806 xxlv.
456 2734 569 2796 Verhm
587 2739 619 2798 &
631 2737 668 2796 de
686 2752 823 2816 apparatu
841 2734 899 2796 vini
917 2728 947 2789 di·

280 2812 352 2877 nisse
370 2819 545 2891 conveniat,
562 2819 629 2879 cirm
650 2814 747 2879 Graeci
772 2818 905 2896 privatim
922 2828 947 2868 et

347 2911 349 2914 ’
818 2905 947 2979 praecept²
