1975 3575
241 276 290 343 42
348 251 813 322 ammittant.

241 371 356 433 duobus
372 369 543 453 generibus,
562 369 597 430 δι
621 371 753 431 totidem
772 367 883 442 modis,
894 386 923 427 ct

242 454 308 513 olei
321 498 330 527 ,
343 454 375 514 ὃ(
392 452 474 512 vite:
495 450 561 511 olei
580 451 681 511 adhuc
698 451 767 512 alba
785 448 923 533 expressi:

241 534 367 593 deterius
386 552 421 593 ex
433 531 562 614 druppi:
578 533 761 593 itavocatur
772 530 924 615 priusquam

154 625 166 644 ¹
242 614 310 675 cibo
326 632 438 676 matura
455 616 507 682 sit,
522 611 582 693 jam
603 631 708 674 tamen
726 615 861 674 colorem
873 630 925 670 mu·

241 712 316 756 tans.
330 693 519 766 Differentia‚
539 695 621 773 quod
635 695 697 756 hoc
719 695 816 755 viride
834 688 926 762 est‚il·
957 725 958 728 =

243 776 295 837 lud
305 775 468 837 candidum.
485 772 582 834 Evite
594 773 630 835 fit
644 775 769 857 psythiai
779 792 830 835 aut
840 772 926 833 ammi·
959 827 960 848 p

241 857 394 931 ned,ci1m
415 857 472 916 sint
491 857 566 914 acini
588 858 695 916 ciceris
713 855 925 939 magnitudine,

243 957 311 999 ante
326 936 415 999 Canis
429 953 534 998 ortum.
553 933 587 995 ln
603 936 704 1018 primi
723 937 860 1017 lanugine
880 931 925 990 de·

243 1022 363 1081 metitur
385 1039 469 1090 uva,
495 1014 613 1099 ejusque
630 1017 769 1101 melligo.
778 1016 927 1096 Reliquum
961 1013 962 1028 ¹

241 1119 350 1180 corpus
367 1095 434 1158 Sole
456 1100 600 1178 coquitur.
622 1096 775 1159 Notiumi
795 1112 926 1158 roresca·
962 1169 963 1174 η

243 1196 359 1240 ventur.
379 1177 413 1237 In
432 1174 510 1236 fidlili
526 1176 643 1236 condita
664 1181 795 1263 melligo
826 1174 927 1255 colligi·

238 1275 291 1319 tur
304 1282 310 1319 :
322 1257 441 1319 subinde
450 1254 567 1340 Cyprio
576 1279 632 1317 aere
639 1258 788 1320 servatur.
799 1256 925 1338 Optima,

244 1360 310 1423 quae
330 1338 409 1413 rusa,
426 1342 590 1420 acriorque,
612 1340 646 1399 &
665 1341 788 1401 aridior.
807 1338 926 1399 Pretium

244 1422 400 1503 omphacio
419 1425 448 1479 in
463 1421 547 1478 libras
567 1436 599 1478 κ.
618 1438 666 1480 vr.
680 1420 730 1481 Fit
749 1424 783 1483 &
798 1420 855 1480 alio
869 1435 925 1475 mo·

243 1501 303 1573 do,
321 1505 388 1560 ciam
403 1502 432 1558 in
449 1500 593 1559 mortariis
608 1518 667 1560 uva
689 1503 849 1562 immatura
866 1496 926 1558 teri·

242 1598 309 1642 tur:
326 1583 488 1662 siccataque
510 1582 539 1639 in
557 1578 642 1652 Sole,
661 1582 768 1664 postea
795 1580 926 1664 digeritur

239 1662 272 1722 in
313 1660 429 1721 astillos.
460 1675 464 1682 '

307 1740 359 1802 Xl.
376 1741 423 1803 28.
433 1738 549 1802 Eodem
559 1740 701 1825 &bryon
715 1747 860 1827 pertinet,
872 1758 924 1800 uva

239 1823 343 1907 populi
357 1823 438 1884 alba.
451 1821 575 1905 Optima
586 1828 660 1885 circa
669 1824 807 1886 Gnidum
819 1842 867 1884 aut
876 1818 926 1882 Ca·

244 1907 336 1976 riam,
349 1907 378 1963 in
393 1907 553 1966 sitientibus
566 1922 614 1966 aut
634 1908 736 1979 siccis,
750 1903 924 1989 asperisque:

243 1983 369 2044 secunda
381 1989 410 2044 in
425 1985 526 2067 Lyciae
536 1988 635 2047 cedro.
651 1986 770 2048 Eddem
782 1989 816 2049 &
828 2003 925 2046 oenan·
969 2042 970 2065 3

240 2065 291 2125 the
302 2068 441 2144 pertinet:
457 2065 500 2127 est
510 2084 606 2128 autem
621 2069 689 2128 vitis
700 2066 839 2129 labruscae
852 2083 924 2126 uva:

154 2210 158 2221 ,
240 2145 402 2227 colligitur,
417 2149 484 2207 cum
505 2147 607 2223 floret,
617 2150 647 2210 id
659 2147 716 2223 est,
734 2151 804 2209 citm
815 2143 925 2228 optime

152 2228 155 2233 ’
240 2227 319 2288 olet:
334 2230 456 2289 siccatur
472 2230 502 2289 in
528 2230 630 2291 umbri
653 2227 793 2290 substrato
814 2230 924 2294 linteo,

238 2328 327 2392 atque
344 2311 374 2369 in
389 2310 477 2371 cados
496 2312 639 2371 conditur.
657 2309 807 2387 Praecipua
825 2307 925 2368 exPa·

239 2390 401 2470 rapotamid
418 2414 425 2452 ε
445 2389 568 2450 secunda
589 2391 625 2448 ab
648 2386 923 2468 Antiochid,atque

240 2469 488 2551 LaodiceaiSyriae
508 2491 515 2530 ε
537 2470 621 2528 tertia
635 2488 672 2527 ex
690 2468 840 2530 montibus
855 2467 924 2529 Me·

240 2552 322 2612 dicis.
336 2551 408 2611 Haec
424 2548 520 2609 utilior
533 2549 691 2612 medicinae.
714 2547 848 2691 (guidam
863 2567 922 2608 ont·

240 2633 324 2691 nibus
340 2628 495 2713 praeserunt
513 2649 596 2703 eant,
613 2648 677 2714 quae
687 2633 716 2690 in
752 2651 832 2714 ypro
850 2627 921 2690 insu·

239 2710 418 2772 innascitur.
448 2710 526 2772 Nam
546 2733 610 2795 quae
632 2714 662 2773 in
682 2711 782 2773 Africa
800 2709 855 2782 fit,
883 2706 920 2767 ad

238 2791 371 2855 medicos
382 2794 492 2856 tantum
509 2797 654 2879 pertinet,
672 2810 851 2878 vocaturque
860 2808 919 2852 ma·
