1975 3575
237 308 302 382 ¹52
355 285 390 353 C.
414 285 596 353 Prrnrr
619 283 809 354 Nnrun.
852 274 854 278 '

230 403 320 464 fasciis
337 402 483 475 involvit,
498 401 629 543 cadisg'ue
645 401 795 474 conditas,
812 399 909 541 gypso

228 482 360 543 includit.
379 482 448 543 Hoc
471 482 551 543 idem
599 482 664 542 raeci
690 484 794 564 platani
823 481 907 554 oliis,

229 579 279 623 aut
292 565 361 624 vitis
378 565 487 644 ipsius,
508 579 556 623 aut
574 561 644 634 sici,
665 583 724 622 uno
740 564 786 622 die
804 563 831 621 in
842 583 907 623 utu-

227 643 284 707 bra
303 646 415 704 siccatis
424 661 532 724 ,atque
551 644 582 703 iu
601 643 676 703 cado
688 645 813 704 vinaceis
822 646 908 702 inter·

229 726 344 805 positis.
363 722 436 803 Quo
456 744 563 806 genere
582 722 649 784 Coa
668 744 740 798 uva,
761 724 794 784 &
815 723 906 803 Bery-

174 829 176 833 ·
230 806 281 864 ria
292 805 457 877 servantur,
476 803 579 863 nullius
602 803 733 864 suavitati
751 801 908 884 postferene

231 885 289 949 dae.
305 883 454 964 Quidam,
465 901 497 944 ut
515 884 567 943 lias
584 881 709 957 faciant,
730 885 761 942 in
778 886 870 944 cinere
879 883 908 941 li·

232 968 316 1027 livio
328 968 441 1047 tingunt
453 967 583 1044 protinus
593 963 681 1046 quim
688 965 836 1024 detraxere
843 964 905 1024 viti·

232 1047 305 1125 lius,
316 1067 386 1106 mox
396 1049 426 1105 in
439 1044 507 1105 Sole
519 1043 641 1105 sicc'ant:
651 1061 714 1104 tum
724 1043 800 1105 foliis
810 1043 861 1127 (ut
867 1042 907 1102 su‘·

257 1125 287 1184 ri
299 1125 404 1187 diuum
417 1124 483 1206 est)
500 1126 647 1187 involutas
658 1126 785 1187 vinaceis
800 1123 906 1205 stipant.

234 1148 308 1265 §unt
330 1208 379 1288 qui
398 1205 508 1266 malunt
537 1226 608 1267 uvas
630 1203 717 1266 scobe
743 1203 906 1265 ramentisve

234 1286 486 1368 abietis‚.populi,
503 1284 605 1347 fraxini
624 1285 746 1347 servare.
768 1284 837 1347 Sunt
862 1285 907 1367 qui

235 1365 367 1447 suspendi
384 1369 486 1449 procul
499 1366 597 1438 malis,
610 1365 743 1446 protinus
778 1370 833 1426 ein
847 1386 906 1447 gra·

234 1450 320 1509 nariis
339 1446 474 1528 jubeant,
494 1449 631 1528 quoniam
653 1447 714 1527 opti
783 1448 819 1507 sit
838 1468 856 1506 o
877 1465 906 1506 e·

235 1530 362 1590 cimento
380 1527 475 1609 pulvis
519 1527 664 1588 ensilibus.
683 1525 796 1587 Contra
814 1468 876 1588 ves³
893 1544 906 1583 s

234 1608 371 1669 remedio
392 1607 454 1681 esl,
476 1548 544 1671 oleo
563 1606 694 1690 adspergi
718 1627 755 1667 ex
776 1628 839 1670 ore.
861 1546 906 1666 lie

233 1688 338 1769 palmis
358 1688 491 1749 diximus.
903 1730 905 1737 ·

238 1812 243 1820 -
276 1766 358 1829 XIX.
379 1767 425 1828 18.
442 1766 467 1828 E
486 1769 538 1830 reli
560 1791 599 1831 uo
626 1791 733 1852 genere
759 1784 905 1852 pomorum

236 1846 308 1910 licus
327 1849 502 1927 amplissima
524 1790 586 1923 ed,
607 1851 798 1933 quadamque
819 1853 850 1913 ὅ(
886 1850 906 1907 '1-

235 1930 275 1994 1is
294 1928 488 2010 magnitudine
508 1930 620 1991 aemula.
630 1930 680 1991 De
689 1932 838 2013 AEgyptiae
852 1870 907 2010 dy·

234 2010 307 2091 priae
328 2029 364 2069 ue
386 2009 530 2078 miraculis
555 2010 703 2072 retulimus
724 2016 798 2072 iuter
821 2027 907 2073 exter·

232 2110 295 2155 uas.
307 2031 392 2149 ldaea
401 2089 484 2149 rubet
494 2090 581 2151 olivae
590 2092 802 2172 magnitudine,
816 2110 905 2153 rotun·

235 2170 302 2231 dior
323 2171 453 2241 tantum,
471 2168 574 2252 sapore
598 2171 720 2252 mespili.
740 2171 905 2233 Alexandri·

235 2271 304 2315 nam
320 2251 392 2310 hanc
411 2249 451 2309 ibi
468 2268 598 2324 vocant,
615 2253 802 2315 crassitudine
835 2251 907 2313 cubi·

234 2333 307 2391 tali:
327 2331 483 2401 ramosam,
503 2333 777 2408 materienalidam,
789 2334 906 2402 lentam,

237 2414 300 2480 sine
315 2412 386 2472 lade
395 2456 407 2484 ,
424 2414 531 2472 cortice
551 2413 654 2485 viridi,
671 2412 744 2475 solio
763 2416 851 2489 tilia,
864 2407 907 2478 sed.

235 2492 327 2552 molli.
337 2492 521 2556 Onesicritus
531 2492 616 2556 tradit
634 2496 664 2554 in
680 2493 830 2573 Hyrcaniis
841 2490 906 2555 mul·

176 2645 177 2648 Ἴ
209 2641 211 2644 ,
235 2574 300 2636 tum
317 2570 419 2633 nostris
432 2569 488 2633 elle
507 2572 669 2649 dulciores,
684 2573 906 2656 fertilioresque,

236 2670 269 2712 ut
287 2673 350 2733 quae
370 2652 486 2712 modios
511 2670 630 2715 ccuxx.
660 2656 778 2736 singulae
796 2653 905 2730 serant.

237 2730 288 2796 Ad
312 2753 365 2792 nos
376 2754 422 2795 ex
440 2734 499 2793 aliis
517 2738 652 2795 transiere
664 2736 816 2817 gentibus,
828 2730 908 2796 Chala

236 2809 318 2886 side,
335 2811 413 2877 Chio
426 2832 435 2873 a
446 2834 567 2899 quarum
585 2815 667 2898 plura
688 2805 806 2903 genera}
822 2812 908 2901 Siquir
