1975 3575
143 247 189 318 H
198 185 395 316 teron.
408 243 480 315 Lib.
497 242 608 318 XVII.
661 266 731 345 359

65 365 154 428 XII
173 364 283 426 Tritici
304 383 409 446 genera
433 362 530 444 plura,
548 384 611 445 qaae
633 361 731 425 fecere

59 467 156 530 gentes.
177 447 284 507 Italico
310 444 421 504 nullum
441 445 575 526 equidem
585 459 732 526 compara·
806 477 812 481 -

58 531 139 588 verim
156 528 289 588 candore
308 546 341 584 ac
360 524 510 606 pondere,
525 544 585 606 quo
607 525 730 585 maxime
806 554 809 561 ·

58 608 214 668 discernitur
235 628 244 667 ε
271 607 418 666 montanis
438 605 531 664 rnodl)
550 623 731 685 comparetur

58 686 134 747 ltaliae
151 710 166 746 a
187 691 225 747 ris
246 704 418 756 externum,
428 686 457 743 in
470 706 530 765 quo
542 688 733 766 principatum

58 771 137 828 tenuit
179 770 295 839 (notia,
314 767 418 827 deinde
437 763 546 838 Sicilia,
561 785 632 825 mort
655 763 737 824 Afri-

59 868 93 906 ca.
108 847 240 908 Tertium
261 846 382 930 pondus
403 863 463 905 erat
474 842 738 924 Thracio,Syrio-
834 894 837 905 .

91 949 125 1003 e,
140 929 248 990 deinde
264 931 301 990 δι
315 927 475 1009 AEgyptio‚
487 925 656 984 athletarum
668 942 737 983 cum

75 1026 183 1083 ecreto,
203 1029 337 1092 quorum
355 1007 494 1087 capacitas
512 1004 648 1085 jumentis
658 1005 739 1063 simi·

59 1087 104 1159 lis,
120 1109 205 1170 quem
228 1091 361 1150 diximus
379 1087 513 1146 ordinem
524 1083 638 1145 fecerat.
651 1081 739 1144 Gra·
798 1156 800 1163 p

59 1170 132 1232 cia&
141 1171 299 1232 Ponticum
326 1168 470 1239 laudavit,
487 1165 568 1247 quod
580 1167 609 1224 in
622 1163 738 1225 Italiam

59 1267 110 1308 non
116 1254 258 1332 pervenit.
276 1250 326 1310 Ex
337 1250 417 1309 omni
429 1247 532 1307 eadem
541 1265 645 1328 genere
676 1246 738 1304 rani

60 1333 168 1408 pretulit
187 1331 387 1401 dracontion,
407 1326 584 1408 strangium‚
608 1326 641 1386 ὅ(
658 1265 739 1385 §ele-

61 1413 177 1487 nusium,
188 1427 367 1496 argumento
386 1408 553 1468 crassissimi
570 1405 684 1466 calami:
698 1407 739 1464 ita

60 1491 146 1573 pingui
162 1492 225 1555 solo
248 1494 317 1552 haec
331 1509 436 1573 genera
448 1487 623 1626 adsIgnabat.
632 1485 739 1546 =Levis»

60 1571 150 1633 dmum
176 1576 210 1635 δι
229 1572 363 1634 maxime
384 1572 490 1643 inane,
523 1587 559 1627 eu
577 1566 737 1627 tenuissimi

61 1652 167 1725 calami,
184 1657 215 1714 in
235 1652 369 1715 humidis
380 1649 434 1710 seri
447 1648 582 1729 jubebat,
600 1648 739 1730 quoniam

61 1732 140 1795 multo
158 1752 261 1819 egeret
287 1733 434 1795 alimento.
454 1729 510 1790 Hae
523 1728 602 1790 fuere
622 1726 739 1788 senten-⁴

63 1811 101 1871 tie
116 1816 290 1877 Alexandro
309 1814 420 1896 Magno
437 1826 592 1894 regnante,
603 1811 668 1870 cum
681 1807 738 1870 cla·

63 1893 158 1956 tissima
174 1897 232 1957 fuit
252 1894 394 1966 Graecia,
418 1909 505 1973 atque
525 1894 556 1950 in
577 1907 642 1950 toto
662 1889 737 1949 orbe

64 1986 191 2037 terrarum
212 1976 432 2056 potentissima:
448 1974 488 2029 ita
504 1987 620 2041 tamen,
636 1985 668 2027 ut
687 1990 738 2027 an·

65 2065 89 2111 te
101 2073 231 2116 mortem
256 2052 318 2133 ejus
342 2053 419 2112 annis
433 2049 493 2109 fere
508 2065 605 2109 cxiv.
623 2045 740 2127 Sopho·

65 2131 113 2193 eles
154 2152 225 2196 oeta
241 2136 273 2193 in
294 2131 392 2193 sabuli
407 2125 740 2208 Triptolemohumen-

64 2226 117 2273 um
131 2158 273 2277 Italicum
303 2230 370 2272 ante
391 2208 491 2269 cunita
509 2207 684 2275 laudaverit,
702 2204 741 2266 ad

63 2295 178 2359 ,verbum
198 2293 334 2357 transsati
353 2289 510 2351 sententiis

72 2399 117 2477 'Et
127 2426 280 2490 femmarum
291 2422 393 2476 Italiam
398 2417 519 2486 firmenta
534 2395 615 2466 canite
631 2385 744 2467 candido,

67 2534 138 2643 Qupe
155 2538 391 2639 lausopecuh'aris
409 2532 557 2614 hodieque
571 2526 672 2589 Italico
688 2526 744 2591 est·-

68 2609 744 2778 illmmlhsllssllr,{diluiuum

103 2779 187 2846 Nunc
205 2805 242 2848 ex
259 2785 303 2845 his
320 2780 494 2865 generibus,
507 2770 742 2857 quaeuomaein·
