1975 3575
178 268 393 342 Hieron.
418 272 490 374 Lib.
500 272 615 347 XVII.
667 300 743 373 327

68 384 648 473 tespraevaluisse,emorimur-Nonacri
689 417 739 459 am

68 471 214 533 inarescunt
235 470 331 549 solia,
357 473 517 552 eademque
548 477 646 537 revive
659 493 740 539 cunt.

69 550 133 613 Aiiae
141 556 170 613 in
178 551 463 634 septemtrionalibus
472 551 635 628 ,utPcnto,
646 555 738 638 Phry·

70 632 121 712 git,
134 631 240 715 frigore
251 650 303 692 aut
314 632 381 714 gelu
401 632 533 693 laborant
542 637 587 706 ,si
619 636 661 695 0st
672 636 741 697 bru.

70 731 137 772 mam
155 715 367 774 continuavere
388 730 439 774 xu.
457 713 571 777 diebus.
590 655 628 776 iit
643 717 683 776 ibi
696 737 741 779 au·

67 786 139 862 tem,
152 795 184 855 &
201 796 230 853 in
252 794 374 876 reliquis
389 794 542 875 partibus,
565 796 590 855 si
608 790 745 878 protinus

71 870 145 932 editis
162 872 302 937 fructibus
323 874 429 957 gelatio
458 895 565 956 magna
590 876 745 939 consecuta

70 949 123 1024 est,
139 955 224 1017 etiarn
246 959 350 1036 paucis
369 954 472 1016 diebus
492 973 586 1016 necat.

105 1030 177 1174 Ἡ
194 1032 303 1114 injurii
317 1037 470 1095 hominum
488 1034 634 1108 constant,
646 1036 744 1099 secund

72 1109 114 1171 das
175 1133 224 1175 cut
235 1115 348 1176 causas.
361 1115 432 1188 Pix,
444 1116 561 1189 oleum,
576 1118 681 1199 adeps,
691 1119 746 1178 ini·

72 1193 135 1252 mica
170 1197 300 1278 raecipue
318 1197 453 1258 novellis.
471 1194 589 1258 Cortice
599 1201 629 1258 in
640 1198 746 1259 orbern

73 1269 140 1332 derra
164 1297 184 1335 ο
200 1294 362 1351 necantur,
381 1294 506 1357 excepto
525 1276 643 1352 subere,
663 1278 747 1361 quud

72 1351 104 1411 tic
119 1356 201 1416 etiarn
218 1356 359 1436 juvatur:
375 1356 543 1418 crassescens
567 1360 644 1419 enim
669 1379 747 1440 prae·

72 1427 165 1516 stringit
177 1439 210 1501 ὃ(
225 1437 400 1520 strangulat.
419 1438 484 1498 Nec
496 1438 636 1500 adrachue
651 1436 746 1500 offen·

71 1509 153 1595 ditur,
179 1520 288 1580 sinon
306 1519 391 1579 simul
413 1519 554 1580 incidatur
575 1520 608 1581 &
627 1540 746 1601 corpus.

71 1589 179 1677 ‘Alioqui
197 1600 231 1662 &
252 1598 386 1674 cerasus,
404 1601 437 1663 δι
450 1599 528 1674 tilia,
544 1600 577 1663 &
591 1602 669 1660 vitis'
680 1621 747 1660 cor·

75 1671 150 1766 ricem
162 1680 303 1752 mittunt,
316 1677 365 1740 sed
383 1701 443 1741 non
456 1681 594 1753 vitalem,
610 1702 663 1742 nec
676 1701 747 1762 pro·

76 1770 170 1819 nutum
187 1761 327 1845 corpori:
345 1763 450 1823 verunt
462 1780 550 1836 curn,
604 1763 614 1823 i
632 1760 746 1839 subnas-

78 1852 147 1897 cente
168 1840 226 1902 alio
250 1843 414 1922 expellitur.
435 1841 567 1922 Quarum
590 1864 636 1908 am
663 1850 772 1905 natu·'

78 1912 230 1984 ririmosus
250 1939 368 1995 cortex,
377 1939 409 1983 ut
418 1924 548 2002 platanis.
558 1922 644 1985 Tiliae
654 1922 747 1984 renas·

78 1995 137 2056 citur
152 2003 242 2082 paulo
263 2004 359 2063 minus
377 2003 465 2084 quarn
485 2020 574 2066 totus.
590 2002 667 2085 Ergo
685 2005 745 2073 his,

78 2091 184 2211 fluctum
202 2084 370 2143 cicatricem
383 2084 490 2157 trahit,
512 2083 664 2148 medentur
683 2084 748 2145 luto

97 2175 206 2242 uroque.
225 2162 266 2221 Er
283 2160 582 2243 aliquandoprosunt‚
592 2164 616 2220 si
626 2181 686 2223 nun
697 2181 749 2223 ve·

79 2230 232 2304 hementior
252 2240 392 2323 frigorum
409 2258 457 2301 aut
473 2242 603 2302 calutum
614 2243 659 2302 vis
670 2239 750 2301 secu·

79 2326 102 2373 1¹
115 2318 162 2384 esi.
183 2321 334 2401 Quaedam
346 2322 452 2384 tardius
472 2325 512 2381 ita
525 2323 702 2395 moriuntur,
716 2335 750 2390 ut

78 2395 173 2461 lobora
185 2404 219 2465 &
230 2423 365 2485 quercus.
383 2400 485 2472 Refert
496 2403 528 2465 &
540 2418 655 2481 ternpus
673 2402 751 2469 anni,

79 2470 170 2541 Abieti
191 2485 271 2546 enim
292 2484 325 2547 &
342 2486 411 2565 pino
434 2484 459 2543 si
482 2485 548 2566 quic
574 2483 752 2555 detraxerit,

77 2548 138 2618 Sole
153 2559 283 2626 Taurum
293 2562 495 2627 velsGerninos
508 2562 670 2625 transeunte
683 2564 751 2624 curn

80 2643 231 2719 germinant
239 2645 351 2718 ,statim
367 2647 539 2712 moriuntur.
556 2644 696 2706 Eandem
707 2645 750 2708 ius

79 2719 173 2810 lufiam
193 2723 290 2790 hicme
312 2725 394 2808 paffae
413 2724 527 2792 'diutius
547 2726 681 2786 tolerant.
701 2721 750 2785 Si·

80 2797 178 2868 uuita
190 2805 254 2894 ,ilex
263 2851 282 2884 ,
295 2808 329 2878 δι
345 2808 449 2898 robur,
468 2808 501 2873 &
519 2826 653 2891 quercus.
670 2803 750 2890 Qud
