1975 3575
191 247 406 331 ¹Hrssou.
430 258 641 334 Linxvffl.
691 268 768 354 '44¹

42 365 44 370 ¹
94 374 139 451 τῆς
150 377 235 460 quem
252 378 377 440 Caeciam
392 395 508 440 vocant.
523 377 581 440 Sed
600 381 677 441 idem
695 381 765 443 Ari·

94 456 222 533 stoteles,
237 462 284 520 vir
303 458 448 520 immensae
466 458 642 534 subtilitatis,
662 464 711 545 qui
730 461 763 523 id

92 537 178 676 ipsum
197 539 284 614 fecit,
300 541 441 601 rationem
459 542 650 601 convexitatis
679 562 765 606 rnun-

113 620 245 694 ireddit,
260 620 317 701 qui
344 615 502 681 contrarius
528 619 637 701 Aquilo
662 620 765 685 Africo

91 697 145 758 flat.
163 699 227 761 Nec
247 717 343 761 tamen
363 721 431 761 eum
454 717 520 761 toto
539 721 614 763 anno
640 702 669 760 in
689 721 764 783 pra-¹

91 778 166 839 diciis
185 784 268 842 timet
279 782 413 863 agricola.
429 780 563 842 Mollitur
580 782 673 842 sidere
689 779 764 842 aesta·
788 853 790 857 p

90 872 118 919 re
135 862 252 934 medii,
278 879 424 944 mutatque
451 882 586 936 nomen,
606 864 642 934 ὃς
660 864 767 923 etesias

89 958 214 1008 vocatur.
237 939 314 1024 Ergo
334 944 400 1002 curn
414 942 549 1025 frigidum
564 941 685 1017 senties,
708 959 765 1003 ca·⁴

89 1040 175 1097 vct03
190 1045 225 1085 ac
245 1038 425 1105 quacumque
449 1019 565 1104 Aquilo*
579 1023 766 1103 praedicitur5

88 1104 162 1162 tanto
179 1106 371 1186 perniciosior
385 1102 550 1185 septemtrio
568 1100 618 1163 est.
639 1102 674 1163 In'
684 1103 762 1163 hunc

88 1181 180 1256 Asis,
201 1182 343 1255 Graeciae,
355 1182 517 1265 Hispanico,
535 1186 683 1244 maritimae
703 1181 781 1243 Ita?

88 1261 149 1338 liae,
168 1264 355 1345 Campaniae,
374 1264 489 1345 Apuliae
516 1262 627 1324 arbusta
652 1266 764 1326 vineae·
796 1307 801 1321 .

88 1364 141 1425 que
160 1344 297 1427 spectent.
326 1344 390 1425 Qui
411 1365 504 1404 mares
523 1346 636 1425 concipi
656 1345 764 1418 voles,'

88 1423 116 1483 in
131 1425 208 1487 hunc
228 1422 335 1505 pascito
351 1469 360 1498 ‚
387 1441 419 1484 ut
442 1428 482 1485 sic
501 1427 652 1492 ineuntem
674 1427 762 1489 ineat.

88 1500 128 1564 Ex
144 1506 267 1569 adverso
287 1503 442 1587 Aquilonis
464 1505 499 1565 ab
518 1504 621 1565 occasu
640 1504 761 1568 bruma-

87 1582 107 1643 li
127 1586 243 1648 Africus
265 1586 361 1656 flabit,
389 1607 475 1666 quern
494 1583 591 1646 Graeci
609 1584 759 1649 Libsvo·

86 1683 157 1728 cant.
178 1667 213 1729 In
232 1668 309 1728 hunc
326 1688 343 1726 a
362 1671 440 1728 coitu
461 1670 528 1728 cum
551 1665 580 1726 se
598 1687 687 1747 pecus
704 1669 763 1726 cir·

85 1751 260 1831 cumegecit,
275 1746 396 1809 feminas
423 1765 580 1830 conceptas
600 1746 656 1810 effe
674 1745 763 1809 scito:

124 1828 226 1889 Tertia
246 1826 480 1908 aseptemtrione
501 1831 592 1902 linea,
611 1828 762 1912 quamper

83 1906 264 1968 latitudinem
285 1908 392 1966 umbrae
412 1909 566 1980 duximus,
581 1911 614 1970 δι
625 1910 762 1972 decuma·
821 1962 826 1967 s

82 2007 152 2047 narn
169 1987 360 2060 vocavimus,
376 2005 507 2048 exorsum
528 1987 644 2049 habebit
666 1992 759 2071 aequi-

83 2067 239 2128 nociialem
247 2110 259 2138 ‚
277 2083 454 2148 ventumque
463 2065 667 2140 Subsohnnm,
676 2069 762 2137 Grae·

83 2151 125 2208 cis
144 2147 304 2230 Apelioten
325 2144 438 2206 dicium.
459 2146 492 2206 In
510 2146 585 2207 hunc
603 2147 762 2208 salubribus

84 2228 156 2290 locis
176 2228 254 2289 villae
275 2229 427 2307 vineaeque
449 2224 585 2309 specient.
606 2224 671 2307 Ipse
688 2227 763 2288 leni-³

84 2324 128 2370 ter
146 2309 280 2391 pluvius:
303 2323 399 2366 tamen
417 2305 458 2367 est
475 2308 579 2366 siccior
599 2305 761 2384 Favonius,

87 2410 122 2450 ex
139 2388 261 2450 adverso
285 2386 346 2468 ejus
371 2388 407 2447 ab
434 2385 622 2471 aequinoffiali
638 2387 762 2461 occasu,

76 2469 239 2553 Zephyrus
259 2467 371 2530 Graecis
380 2471 553 2528 nominatus.
568 2466 603 2527 Iri
612 2468 687 2528 hunc
698 2468 764 2550 spe·

85 2549 160 2612 stare
184 2551 292 2612 oliveta
302 2547 377 2610 Cato
394 2546 484 2628 jussit.
497 2548 556 2608 Hic
567 2568 620 2608 ver
630 2548 762 2624 inchoat,
778 2549 783 2557 ’

85 2634 235 2713 aperitque
252 2648 342 2692 terras
361 2633 440 2690 tenui
456 2628 565 2713 frigore
574 2629 695 2691 saluber.
704 2629 763 2691 Hic

85 2715 160 2772 vites
185 2713 324 2792 putandi,
341 2710 494 2852 frugescpue
516 2710 655 2784 curandi,
675 2710 760 2773 arbo-

83 2810 130 2861 scs
139 2791 255 2855 serendi
266 2835 278 2865 ,
298 2813 388 2873 poma
414 2794 444 2854 in
457 2791 578 2866 ciendi,
598 2792 677 2853 oleas
700 2809 756 2856 tra·

577 2870 641 2945 Tu
