1975 3575
221 261 291 358 356
338 257 805 329 ίῖΡιιΝιιΝΑτυιι.

218 379 332 439 uiculis:
346 378 379 439 dt
397 379 545 438 cacumine
567 378 694 457 gemino.
714 375 831 456 Quin&
842 399 894 439 co·

216 460 278 519 lore
296 456 480 539 distinguitur
499 477 507 515 t
529 457 672 527 candido,
697 459 726 516 ni
748 479 795 529 ro,
807 457 891 528 ruso,

217 540 307 598 etiam
323 558 480 620 purpureo.
492 536 574 598 Panis
588 478 746 597 multisonis
759 540 791 599 ὅ(
806 559 821 599 e
837 539 889 598 mi·

189 622 191 627 ⁴
215 619 259 685 lio
277 616 333 691 fit,
352 638 370 678 e
388 619 491 699 panico
509 638 598 678 rarus.
621 616 680 677 Sed
701 618 808 679 nullum
829 616 891 682 stu·

215 714 350 765 mentum
369 698 559 778 ponderosius
581 695 643 770 est,
667 715 717 757 aut
742 698 815 779 quod
836 719 890 757 co·

219 779 339 860 quendo
362 781 451 860 magis
469 777 594 839 crescat:
611 795 664 837 Lx.
692 778 791 858 pondo
811 779 888 860 panis

167 857 171 862 ’
221 879 240 921 e
262 860 362 923 modio
381 859 541 929 reducunt,
553 858 744 939 modiumque
760 859 840 938 pultis
853 877 892 917 er

219 939 310 999 tribus
324 937 448 999 sextariis
467 938 600 1000 madidis.
616 937 733 998 Milium
752 941 819 997 intra
837 939 889 998 hos

222 1019 326 1080 decem
343 1040 434 1079 annos
451 1039 488 1079 ex
504 1017 746 1079 Indidinltaliam
754 1017 890 1080 invedum

221 1097 285 1173 cst,
304 1102 415 1181 nigrum
430 1100 548 1170 colore,
557 1098 686 1178 amplum
699 1120 802 1180 grano,
814 1119 888 1158 aruu-

222 1181 340 1240 diueum
348 1180 456 1240 culmo.
478 1176 629 1240 Adolescit
645 1179 682 1238 ad
698 1180 786 1258 pedes
801 1180 891 1238 ultim.

223 1259 290 1320 dine
306 1258 434 1341 septem,
450 1281 510 1339 prae
531 1258 664 1319 randibus
686 1260 802 1320 culmis:
814 1258 890 1319 lobes

222 1357 349 1402 vocant:
361 1342 492 1401 omnium
507 1279 620 1421 snsgum
635 1338 886 1400 fertilissimum&

223 1441 283 1481 uuo
299 1440 388 1502 grano
415 1419 526 1480 sextarii
552 1421 625 1479 tomi
655 1421 812 1503 gignuntur.
833 1417 887 1480 Seii
955 1472 956 1475 ,

222 1500 312 1562 debet
325 1503 354 1561 in
364 1500 498 1561 humidis.
610 1524 613 1529 ·
882 1533 886 1539 ·

229 1624 232 1633 ·
263 1580 419 1643 Frumenta
436 1579 569 1662 quaedam
588 1578 619 1640 in
638 1581 727 1641 tertio
745 1599 818 1662 genu
835 1578 887 1659 spu·

223 1682 287 1722 cam
306 1663 445 1740 incipiunt
454 1663 625 1741 concipere,
637 1662 769 1742 quadam
777 1664 806 1720 in
816 1680 888 1742 quas·

224 1758 277 1815 to,
297 1740 346 1800 sed
365 1743 522 1802 etiamnum
534 1741 688 1803 occultam.
699 1739 885 1805 Geniculaau·

222 1838 284 1880 tem
308 1819 371 1880 sunt
391 1823 488 1882 tritico
504 1839 661 1904 quaterna,
673 1822 885 1897 satrisena,hot·

222 1901 283 1964 deo,
298 1900 410 1961 ostona,
427 1899 562 1963 sednon
576 1921 641 1964 ante
653 1902 885 1986 supradidumge·

222 1980 384 2042 uitulorum
404 2003 558 2043 numerum
578 2002 737 2066 conceptus
749 1983 885 2066 estspicae:

223 2064 273 2144 qui
291 2078 323 2121 ut
344 2060 425 2141 spem
443 2062 482 2122 sui
504 2062 593 2139 fecit,
636 2082 739 2125 uatuor
757 2083 804 2125 aut
817 2065 885 2145 quin·

224 2162 281 2224 que
300 2143 461 2206 tardissimi
481 2144 582 2204 diebus
615 2086 721 2205 sotere
747 2148 885 2226 incipiunt:

223 2222 405 2304 totidemque
416 2241 463 2283 aut
471 2224 557 2305 paulo
568 2225 694 2305 pluribus
701 2224 886 2286 deflorescunt.

224 2302 343 2364 Hordea
361 2306 512 2370 'verovcism
523 2305 685 2366 tardissimi
697 2305 814 2388 septem.
823 2302 886 2363 Var-

225 2404 259 2443 ro
283 2400 388 2463 quater¹
402 2388 524 2445 novenis
545 2385 646 2446 diebus
669 2385 766 2470 fruges
790 2381 885 2447 absolvi

224 2463 329 2536 tradit,
347 2465 380 2525 ὃ(
399 2463 493 2526 mense
512 2484 592 2527 nono
606 2469 688 2527 meti.
795 2520 799 2525 .

234 2591 239 2598 .
264 2543 349 2604 Fabae
363 2546 393 2603 in
407 2543 477 2604 solia
486 2564 610 2620 exeunt,
624 2568 657 2607 ac
673 2546 781 2607 deinde
791 2541 888 2606 caulem

224 2624 370 2696 emittunt,
380 2623 464 2684 nullis
475 2625 637 2687 distindium
648 2627 822 2697 intemodiis.
836 2621 889 2683 Re·

211 2703 303 2783 .liqua
324 2704 467 2786 legumina
484 2704 625 2770 surculosa
642 2705 712 2769 snut.
733 2706 776 2767 Es
795 2706 836 2765 his
850 2720 888 2760 ra·

225 2781 325 2882 mosas,
345 2788 443 2861 cicer„
463 2806 584 2866 ervum,
602 2787 677 2855 leus.
696 2780 889 2873 Quorumdam
