1975 3575
299 249 341 328 52
395 229 430 299 C.
457 203 846 302 Prrurr'NArun.

294 368 334 409 no
349 350 466 410 sitienti.
482 347 511 409 A
530 348 601 410 simo
617 349 737 430 quidem
748 351 831 410 etiam
842 344 945 431 laedipu'

292 446 378 492 tant:
398 432 432 492 &
449 429 632 512 Assyriorum
653 452 718 512 pars
734 431 844 513 aliqua,
864 431 885 488 si
902 445 945 485 non

292 512 363 571 rivis
382 510 540 572 misceatur.
562 509 680 572 Genera
697 532 795 572 earum
812 512 905 592 plura:
923 505 944 566 u

293 592 388 671 prima
402 590 537 653 fruticem
561 612 621 652 non
642 593 829 653 excedentia:
846 586 945 650 sterilem

293 673 388 746 hunc,
401 672 488 733 aliubi
507 673 540 733 br
557 671 648 754 ipsum
671 671 817 745 fertilem,
831 670 945 746 brevique

291 773 440 814 ramorum
459 753 532 813 orbe
550 751 696 813 foliosum.
726 752 851 814 Teslorii
871 750 945 810 vicen

294 833 342 894 hic
364 832 523 914 parietibus
554 832 697 916 plerisque
717 836 747 893 in
769 833 836 894 locis
859 824 945 910 praestet

294 931 396 975 contra
410 913 583 1010 aspergines.
603 914 817 975 Procerioribus
829 912 944 983 silva‚ar·

283 996 367 1057 bore
388 1016 424 1057 ex
441 996 506 1077 ipss
533 995 673 1058 foliorum
697 996 799 1057 aculeo
823 992 944 1052 fruticante

292 1078 369 1137 circa
387 1093 462 1137 totas
498 1074 662 1148 essinatim‚
685 1098 755 1159 quas
775 1070 904 1136 silvestres
917 1069 944 1125 iu·

287 1157 388 1237 telligi
400 1098 512 1216 necesse
536 1155 585 1216 est.
609 1155 724 1218 Incerti
741 1175 834 1218 tamen
854 1149 944 1213 libidine

293 1238 384 1298 etiam
399 1236 562 1297 mitioribus
580 1234 609 1297 fe
627 1225 761 1300 miscens.
777 1236 897 1315 Reliquae
914 1245 945 1286 tt·

294 1335 372 1380 retes
399 1333 486 1401 atque
512 1339 661 1399 procera,
681 1319 778 1380 densis
799 1307 944 1400 gradarius

292 1402 436 1461 corticum
453 1398 623 1479 pollicibus,
634 1416 667 1459 ut
685 1399 822 1472 orbibus,
835 1392 917 1455 faciles
924 1383 943 1445 se

293 1480 332 1540 ad
350 1478 543 1539 scandendum
559 1475 691 1540 Orientis
704 1480 818 1563 populis
827 1473 943 1559 praeberrti

222 1631 224 1634 ¹
286 1559 408 1621 =virilem
428 1557 482 1618 sibi
503 1560 656 1642 arborique
681 1562 787 1622 indutis
814 1553 944 1618 circuitu,

222 1640 224 1645 ’
294 1641 368 1701 miras
376 1641 546 1722 pernicitate
557 1657 620 1700 tum
630 1641 749 1702 homine
760 1626 944 1700 subeunte&

283 1712 345 1784 'rua
361 1722 456 1780 omnis
480 1723 510 1781 in
537 1725 704 1797 cacumine,
721 1725 754 1785 δι
772 1735 885 1804 pomum
901 1706 943 1800 eslf

289 1822 357 1862 non
375 1804 450 1862 inter
470 1801 539 1864 folia
556 1803 613 1863 hoc
624 1847 634 1876 ‚
645 1822 677 1865 ut
686 1806 719 1864 in
728 1792 898 1865 ceteriszsed
907 1789 943 1887 [ΗΡ
963 1856 964 1859 ,

206 1950 210 1955 ,
294 1885 372 1962 inter
387 1902 482 1944 ramos
501 1883 665 1964 palmitibus
678 1881 871 1952 racemofunr,
888 1889 944 1934 11112·
963 1917 965 1954 5

294 1984 353 2051 que
374 1963 473 2024 naturas
490 1985 556 2027 uvae
573 1981 600 2025 at
622 1984 658 2025 ue
675 1967 768 2047 pomi.
786 1961 863 2024 Folia
871 1952 945 2044 cult-rs¹
963 2020 964 2025 η

290 2062 329 2106 to
351 2065 511 2119 mucrone,
531 1987 668 2106 lateribus
694 2049 725 2108 in
749 2044 807 2107 sese
826 2036 944 2103 bifidas,

293 2126 372 2189 bella
379 2127 505 2206 primunr
517 2125 750 2190 demonstravere
760 2125 881 2209 gemina:
889 2125 944 2174 nunt

292 2207 334 2269 ad
347 2205 449 2280 funes,
467 2207 651 2289 vitiliumque
674 2207 828 2281 nexum&
846 2198 944 2280 capitum

293 2289 374 2351 levia
387 2289 554 2351 umbracula
563 2288 719 2351 finduntur.

291 2404 297 2411 ·
336 2370 521 2444 Arboribus,
536 2372 629 2431 immo
650 2373 747 2451 potius
764 2362 891 2432 omnbus
900 2364 945 2434 φῖ

293 2467 371 2512 terra
390 2453 503 2532 gignat,
525 2448 676 2532 herbisque
694 2454 803 2522 etiam,
819 2444 945 2513 utrumque

294 2530 394 2593 sexum
415 2528 699 2614 esleldiligentissimi
719 2548 826 2591 natura
840 2516 945 2584 tradunt:

294 2611 423 2694 quod‘in
443 2610 558 2691 plenum
574 2609 639 2673 satis
660 2614 696 2673 sit
711 2609 806 2672 dixisse
817 2608 870 2666 hoc
883 2592 946 2686 inlu·

294 2713 333 2753 co
348 2712 356 2752 t
374 2689 458 2752 nullis
484 2707 582 2757 tamen
606 2692 756 2755 arboribus
787 2673 946 2750 manifestus

297 2771 363 2837 Mas
383 2774 413 2834 in
433 2771 552 2855 palmite
582 2773 684 2850 floret,
701 2772 808 2841 femina
826 2767 891 2830 <111³
906 2750 946 2813 ἦθ’
