1975 3575
282 247 582 327 firmantia.
605 253 684 329 Xll.
723 247 797 353 ¹37

107 366 232 453 pasiani.
246 366 423 453 Clarumque
440 372 534 449 dicio,
549 374 719 458 aPompeio
729 375 797 438 Ma·

109 471 172 591 ξὲο
185 452 216 510 in
233 453 377 533 triumpho
390 453 510 515 arbores
523 476 639 538 quoque
649 457 793 521 duximus.

149 535 208 592 rvit
227 551 302 592 nunc
321 533 451 607 haec‚'&
468 536 574 596 tributa
597 538 698 618 pendit
724 556 793 599 cum

108 609 160 671 sua
188 629 292 693 genre,
311 616 340 672 in
362 630 458 674 totum
481 614 538 676 alia
562 620 685 692 saturi,
706 620 792 700 quim

106 690 199 753 nostri
216 696 383 775 externique
401 696 599 774 prodiderant.
611 696 732 779 Quippe
740 703 792 761 vi·

105 775 132 831 ti
152 773 274 833 similior
294 773 354 848 est,
367 774 454 854 quim
469 794 581 857 myrto.
592 778 738 840 Malleolis
751 779 792 842 se·

105 855 134 912 ri
151 853 271 926 dicitur,
284 875 376 935 nuper
393 855 485 929 vilia,
500 874 532 917 ut
542 860 628 919 vitis:
648 860 792 940 &implet
826 858 833 870 ’

104 933 200 995 colles
220 936 368 995 vinearum
388 938 498 1008 modo,
518 959 582 1019 qua
595 941 655 1001 sine
670 941 793 1002 admini-

103 1015 182 1074 culis
200 1013 229 1075 se
249 1013 315 1095 ipsa
330 1013 474 1078 sustinent.
493 1017 649 1080 Tondetur
664 1022 793 1084 similiter
858 1073 861 1079 .

101 1093 263 1170 fruticans,
276 1117 310 1157 ac
330 1095 422 1157 rastris
445 1097 579 1172 nitescit,
596 1120 734 1242 proferat
774 1123 792 1165 e

99 1175 201 1249 nasci,
213 1178 286 1237 intra
305 1180 423 1238 tertium
440 1200 548 1240 annum
565 1179 647 1242 frueii
661 1202 719 1243 era.
752 1206 787 1245 o·
884 1187 887 1198 '

101 1256 179 1318 lium
193 1260 358 1338 proximum
368 1277 457 1332 rutae,
474 1278 614 1341 perpetua
622 1283 717 1324 coma.
729 1261 787 1326 Sa.

103 1338 193 1399 viere
210 1340 240 1397 in
257 1357 321 1398 eam
340 1337 453 1412 Judaei,
468 1343 541 1400 sicut
558 1342 587 1401 in
604 1344 694 1402 vitam
715 1365 791 1425 quo·

38 1429 41 1433 '
148 1439 165 1479 e
182 1416 269 1479 suam.
287 1416 397 1479 Contra
417 1418 577 1481 defendite
595 1420 739 1499 Rotnani,
757 1425 791 1488 &

101 1439 277 1563 inimicarum
294 1520 347 1580 pro
366 1494 468 1561 frutice
484 1500 534 1562 e'st.
562 1500 694 1583 Serirque
713 1525 791 1567 nunc

102 1600 176 1641 eum
188 1578 353 1641 fiscustnec
363 1600 500 1662 umquam
518 1581 573 1643 fuit
592 1587 790 1662 numerosior,

101 1678 157 1724 aut
177 1661 338 1803 ffocerior.
354 1660 515 1723 Proceritas
531 1665 604 1724 intra
615 1663 683 1726 bina
692 1666 790 1730 cubita

101 1741 182 1803 subsi
207 1744 237 1805 ir.

147 1824 257 1885 Arbori
277 1825 331 1884 tria
353 1844 466 1907 genera.
493 1822 591 1886 'llenui
615 1827 648 1890 &
675 1825 790 1908 capilla-

104 1904 161 1966 cei
180 1904 285 1976 comi,
299 1906 379 1986 quod
400 1924 508 1968 vocant
531 1905 716 1969 eutheriston.
735 1907 790 1968 Ar·

103 2001 201 2047 terum
222 1983 321 2046 scabro
346 1984 379 2046 as
395 1986 654 2061 eeiu,incurvum,
667 1986 789 2049 frutico·

103 2065 184 2142 sum,
193 2066 358 2128 odoratius:
371 2008 427 2128 loc
436 2069 539 2150 trachy
551 2069 706 2150 appellant
716 2066 789 2129 Teo

103 2147 182 2207 tium
202 2166 354 2218 eumeces,
375 2151 441 2230 quia
468 2148 510 2208 est
540 2152 657 2231 reliquis
681 2170 787 2230 proce·

102 2229 185 2300 rius,
202 2227 267 2288 laevi
282 2230 401 2290 cortice.
424 2228 501 2291 Huic
520 2227 641 2290 secunda
655 2228 788 2302 bonitas,

101 2309 262 2370 novissima
279 2305 448 2371 eutheristo.
468 2307 576 2369 Semen
588 2309 788 2390 estvinopro·

101 2390 216 2450 timum
236 2388 338 2472 gustu,
356 2389 457 2449 colore
470 2386 647 2463 rufum,nec
657 2391 788 2469 sinepin·

102 2471 171 2552 gui:
188 2467 271 2551 pejus
289 2473 319 2530 in
337 2489 450 2552 grano,
466 2469 549 2552 quod
577 2469 671 2529 levius
700 2488 787 2612 atla:

101 2551 235 2614 viridius.
246 2549 355 2613 Ramus
365 2551 507 2624 crassior,
523 2550 609 2625 quim
622 2566 731 2631 myrto.
774 2584 787 2600 ·

100 2631 207 2695 cruitur
221 2631 299 2695 vitro
308 2675 318 2705 ,
327 2631 437 2712 lapide,
450 2629 571 2693 offeisve
581 2630 712 2692 cultellis.
722 2631 788 2694 Fer*

102 2731 138 2772 ro
150 2710 219 2772 laedi
227 2711 328 2773 vitalia
341 2712 416 2774 odit.
427 2711 573 2773 Emoritur
582 2713 730 2796 protinus,
741 2733 788 2774 ea·

102 2790 173 2856 dem
183 2794 326 2876 amputari
335 2790 511 2877 supervacua
523 2797 644 2878 patiens.
658 2791 788 2867 luciden-
