1975 3575
191 244 413 316 Hrsron.
427 244 500 318 Lib.
521 244 619 318 XVI.
673 258 747 343 τῃ

75 363 137 435 'risos
152 385 267 448 qnoque
287 363 323 425 ad
342 364 498 431 medullam
513 366 597 447 aliqui
611 385 671 428 non
682 368 744 426 inu·
763 362 772 383 ⁴

76 445 153 507 tiliter
168 447 350 527 relinquunt,
370 462 402 505 ut
422 448 517 507 omnis
538 446 641 507 humor
668 444 746 506 ssan-

79 526 145 587 tibus
160 527 277 587 defluat.
303 524 413 586 Mirum
432 527 509 607 apud
530 528 660 608 antiquos
684 528 744 607 pti-

77 626 121 666 mo
139 605 244 668 Punico
264 606 344 668 bello
361 604 475 666 claffem
493 604 597 667 Duillii
618 610 743 687 impera·

78 688 138 745 toris
152 687 186 747 ab
205 685 309 747 arbore
337 687 431 747 excisa
451 704 504 746 Lx.
526 687 574 747 die
592 685 744 768 navigasse.

82 764 180 826 Contta
196 768 270 828 verb
290 765 451 827 Hieronem
473 787 574 848 regem
592 784 689 828 ccxx.
700 788 746 831 na·

79 865 123 905 ves
137 845 246 907 effeiias
260 847 360 925 diebus
372 864 448 907 xrv.
466 848 554 907 tradit
563 847 597 907 L.
607 845 681 908 Piso.
693 845 748 907 Se-

82 926 166 987 cundo
194 947 290 1008 troque
301 926 495 988 Punicobelio
507 925 670 1008 ,Scipionis
680 928 749 988 clas·

81 1007 167 1069 risxr..
175 950 221 1067 ise
230 1029 247 1067 a
257 1006 347 1069 securi
359 1009 514 1089 navigavit.
527 1007 659 1068 Tantirm
670 1027 752 1068 tem·-

80 1085 210 1163 pestinitas
223 1090 309 1149 etiarn
323 1089 354 1147 in
372 1088 470 1167 rapida
483 1088 628 1148 celeritate
643 1087 748 1183 pollet.

89 1230 91 1237 ,
112 1166 228 1229 LXXV.
247 1166 323 1229 Cato
341 1167 492 1241 hominurn
507 1167 631 1229 sommus
642 1190 672 1229 rn
684 1189 748 1229 om·

82 1249 107 1317 ni
124 1246 185 1318 usu,
205 1247 243 1310 de
258 1250 390 1315 materiis
403 1248 465 1309 haec
482 1240 586 1328 adjicit.
600 1272 619 1305 ιι
632 1248 749 1311 Prelum

82 1347 123 1398 ne
145 1330 261 1410 carpino
285 1327 345 1388 anai
372 1331 554 1410 potissimim
573 1329 682 1390 facito:
702 1331 747 1398 ul·‚

82 1432 97 1467 rr
108 1429 222 1481 meam,
247 1411 386 1490 pineam,
410 1431 548 1483 nuceam,
566 1411 638 1471 hanc
657 1427 751 1490 atque,

83 1489 185 1561 naliam
207 1492 357 1551 materiam
375 1511 492 1552 omnem
512 1493 579 1552 cimr
603 1488 747 1563 effodies,

82 1566 182 1630 „Luna
211 1568 398 1632 decrescente
424 1574 547 1632 eximito.
573 1569 637 1653 post
658 1573 748 1633 meri·

83 1673 99 1706 n
114 1649 201 1725 diem,
222 1653 284 1712 sine
315 1670 406 1712 vento
436 1650 554 1712 Austro.
583 1650 669 1738 Tunc
693 1653 751 1713 erit

83 1752 98 1786 n
111 1730 295 1815 tempestiva,
307 1733 373 1793 cirm
391 1730 487 1796 semen
500 1732 580 1794 suum
600 1750 744 1794 maturum

84 1815 167 1872 »erit
189 1811 361 1953 Cavetoffue
383 1834 420 1874 ne
441 1835 493 1896 per
515 1835 610 1875 rorem
628 1814 747 1889 trahas,

85 1912 100 1965 ξι
114 1909 159 1953 aut
169 1892 292 1954 dolesn.
328 1895 452 1975 demque
466 1916 535 1955 mox
547 1917 558 1954 z.
580 1919 599 1952 ιι
613 1893 681 1956 Nisi
698 1899 746 1954 inr-

83 1972 262 2047 ntetmestri,
279 1973 359 2036 Lunai
380 1995 417 2035 ue
443 1975 607 2049 dimidiati,
624 1996 662 2036 ne
681 1981 751 2035 tan·'

83 2053 98 2106 n'
111 2071 153 2133 gas
169 2057 328 2118 materiem.
351 1996 434 2116 'pum
458 2053 581 2116 effodias
602 2073 652 2117 aut
669 2077 748 2136 prae·

83 2133 180 2193 ntidas
200 2136 250 2195 abs
270 2136 357 2196 terri.
379 2133 494 2194 Diebus
511 2134 622 2217 septem
642 2140 746 2217 proxi·

84 2234 100 2267 n
113 2216 178 2287 mis,
194 2216 298 2297 quibus
315 2213 395 2272 Luna
412 2213 498 2292 plena
518 2215 753 2293 fuerit‚optim?t-

83 2312 99 2348 n
111 2296 245 2356 eximitur.
266 2292 399 2355 Omnino
422 2310 526 2353 caveto
540 2315 577 2354 ne
591 2315 677 2375 quam
687 2315 749 2353 ma-

83 2393 99 2425 »
113 2377 208 2436 teriam
237 2376 343 2446 doles,
358 2393 435 2435 neve
460 2373 572 2444 caedas,
589 2394 665 2432 neve
687 2389 753 2442 tan·.

83 2473 100 2507 a
111 2473 171 2537 gas,
189 2458 243 2518 nisi
261 2457 366 2515 siccam
386 2474 487 2516 :neve
513 2452 656 2595 Ξεὶῇᾶαιη,
670 2473 753 2515 neve

83 2552 99 2585 n
113 2536 279 2599 rorulentam
291 2560 321 2596 n.
347 2533 483 2599 Tiberius
504 2537 514 2593 i
535 2555 582 2595 em
602 2534 635 2595 &
652 2534 686 2594 in.
701 2555 751 2593 ca-

82 2613 144 2688 pillo
152 2617 300 2682 tondendo
313 2614 437 2680 servavit
444 2617 604 2678 interlunia
616 2612 661 2674 M.
674 2612 752 2673 Van

82 2709 111 2750 ro
129 2694 260 2757 adversirs
288 2696 412 2760 defluvia
432 2699 569 2782 praecepit
590 2692 750 2760 observata·

83 2769 146 2858 dum
162 2776 190 2837 id
210 2798 227 2839 a
244 2776 420 2863 pleniluniis,
